@incollection{Janouchova2017b,
address = {Oxford},
author = {Janouchov{\'{a}}, Petra},
booktitle = {Tundzha Regional Archaeological Project, Surface Survey, Palaeoecology, and related Studies (2009-2011): Final Report},
editor = {Ross, Shawn A and Sobotkova, Adela and Tzvetkova, Julia and Nekhrizov, Georgi and Connor, Simon},
file = {:home/petra/.local/share/data/Mendeley Ltd./Mendeley Desktop/Downloaded/Janouchov{\'{a}} - 2017 - The Epigraphic Evidence from Kazanlak and Yambol, c. 500 BC - AD 300.pdf:pdf},
keywords = {dissertation},
mendeley-tags = {dissertation},
pages = {[v tisku]},
publisher = {Oxbow Books},
title = {{The Epigraphic Evidence from Kazanlak and Yambol, c. 500 BC - AD 300}},
year = {2018}
}
@incollection{Janouchova2017a,
address = {Newcastle upon Tyne},
author = {Janouchov{\'{a}}, Petra},
booktitle = {Reflections of Roman Imperialism},
editor = {Jankovi{\'{c}}, Marko A. and Mihailovi{\v{c}}, Vladimir},
pages = {[v tisku]},
publisher = {Cambridge Scholars Publishing},
title = {{Thracians, Greeks or Romans? The inhabitants of ancient Thrace and their identity based on funerary inscriptions}},
year = {2017}
}
@article{Tuslova2016,
author = {Tu{\v{s}}lov{\'{a}}, Petra and Weissov{\'{a}}, Barbora and Bakardzhiev, Stefan and {\v{C}}isťakova, Viktoria and Frecer, Robert and Janouchov{\'{a}}, Petra},
journal = {Studia Hercynia},
number = {1-2},
pages = {247--265},
title = {{The Stroyno Archaeological Project, Report on the Season 2015}},
volume = {19},
year = {2016}
}
@article{Janouchova2016,
author = {Janouchov{\'{a}}, Petra},
file = {:home/petra/.local/share/data/Mendeley Ltd./Mendeley Desktop/Downloaded/Janouchov{\'{a}} - 2016 - The Ancestral Apollo Cult in Ancient Thrace A Result of Internal Colonisation.pdf:pdf},
journal = {Ancient West {\&} East},
pages = {83--101},
title = {{The Ancestral Apollo Cult in Ancient Thrace: A Result of Internal Colonisation ?}},
volume = {15},
year = {2016}
}
@incollection{Janouchova2015,
address = {[s.n.]},
author = {Janouchov{\'{a}}, Petra and Weissov{\'{a}}, Barbora},
booktitle = {Symposium on Mediterranean Archaeology, 12 - 14 November 2015, Kemer-Antalya, Turkey},
editor = {[nepublikov{\'{a}}no]},
pages = {[nepublikov{\'{a}}no]},
publisher = {[s.n.]},
title = {{The Use of Writing in the Funerary Context in Classical and Hellenistic Thrace}},
year = {2015}
}
@article{Janouchova2014,
author = {Janouchov{\'{a}}, Petra},
journal = {Studia Hercynia},
number = {1-2},
pages = {67--74},
title = {{Database of Greek inscriptions ‘Hellenisation of Ancient Thrace': a final report on investigations during 2013-2014}},
volume = {18},
year = {2014}
}
@article{Janouchova2014a,
author = {Janouchov{\'{a}}, Petra},
file = {:home/petra/.local/share/data/Mendeley Ltd./Mendeley Desktop/Downloaded/Janouchova - 2014 - Ourios Heliopolitanus Inscription in the Institute of Classical Archaeology , Charles University.pdf:pdf},
journal = {Studia Hercynia},
keywords = {my article},
number = {2},
pages = {41--50},
title = {{Ourios Heliopolitanus Inscription in the Institute of Classical Archaeology, Charles University}},
volume = {17},
year = {2014}
}
@article{Janouchova2013a,
author = {Janouchov{\'{a}}, Petra},
file = {:home/petra/.local/share/data/Mendeley Ltd./Mendeley Desktop/Downloaded/Janouchov{\'{a}} - 2013 - The Cult of Bendis in Athens and Thrace.pdf:pdf},
journal = {Graeco-Latina Brunensia},
keywords = {athens,athens from the 5,attica,authors is the most,bendis,complete and cohesive repre-,foreign cults,iconography,image presented by greek,nature deity,prototypical thracian deity that,th century bc onwards,the,the goddess bendis is,thrace,usually seen as a,was worshipped in classical},
number = {1},
pages = {95--106},
title = {{The Cult of Bendis in Athens and Thrace}},
volume = {18},
year = {2013}
}
