@book{Tainter1986,
  title={The collapse of complex societies},
  author={Tainter, Joseph},
  year={1990},
  pages={99-106},
  publisher={Cambridge University Press}
}