@book{Aristotle1957,
address = {Oxford},
author = {Aristotle},
editor = {Ross, W. D.},
publisher = {Clarendon Press},
title = {{Aristotle's Politica}},
year = {1957}
}
@book{StephanosByzantios2006,
address = {Berolini, Novi Eboraci},
annote = {Includes bibliographical references.},
author = {{Stephanos Byzantios}},
booktitle = {Ethnica},
editor = {Billerbeck, Margarethe and Gaertner, Jan Felix and Wyss, Beatrice and Zubler, Christian},
keywords = {Ancient -- Dictionaries,Cities and towns,Geography},
publisher = {de Gruyter},
title = {{Stephani Byzantii Ethnica / recensuit, Germanice vertit, adnotationibus indicibusque instruxit Margarethe Billerbeck}},
year = {2006}
}
@book{Aeschines1919,
address = {Cambridge (MA)},
author = {Aeschines},
editor = {Adams, Ch. D.},
publisher = {Harvard University Press},
title = {{Aeschines: Speeches}},
year = {1919}
}
@book{Tacitus1859,
address = {Lipsiae},
author = {Tacitus, Cornelius},
editor = {Halm, Karl},
publisher = {Teubner},
title = {{Cornelii Taciti libri qui supersunt}},
year = {1859}
}
@incollection{Archilochus1999,
address = {Cambridge (MA)},
author = {Archilochus},
booktitle = {Greek Iambic Poetry: from the seventh to the fifth centuries BC},
editor = {Gerber, Douglas E.},
publisher = {Harvard University Press},
title = {{Fragments}},
year = {1999}
}
@book{TitusLiviusLivy1976,
address = {Cambridge (MA)},
author = {{Titus Livius (Livy)}},
editor = {Foster, B O},
publisher = {Harvard University Press},
title = {{Ab urbe condita}},
year = {1976}
}
@book{Plutarch1914,
address = {Cambridge (MA)},
author = {Plutarch},
editor = {Perrin, Bernadotte},
publisher = {Harvard University Press},
title = {{Plutarch's Lives}},
year = {1914}
}
@book{Xenophon1904,
address = {Oxford},
author = {Xenophon},
publisher = {Clarendon Press},
title = {{Xenophontis opera omnia, vol. 3}},
year = {1904}
}
@book{Demosthenes1903,
address = {Oxford},
author = {Demosthenes},
editor = {Butcher, S. H.},
publisher = {Clarendon Press},
title = {{Demosthenis Orationes}},
year = {1903}
}
@book{Propertius1898,
address = {Leipzig},
author = {Propertius},
editor = {Mueller, Lucian},
publisher = {Teubner},
title = {{Elegies}},
year = {1898}
}
@book{Strabo1877,
address = {Leipzig},
author = {Strabo},
editor = {Meineke, A.},
keywords = {check at MQ},
mendeley-tags = {check at MQ},
publisher = {Teubner},
title = {{Geographica}},
year = {1877}
}
@book{Homer1920,
address = {Oxford},
author = {Homer},
editor = {Allen, Thomas W.},
publisher = {Clarendon Press},
title = {{Homeri Opera}},
year = {1920}
}
@book{Arrian1907,
address = {Leipzig},
author = {Arrian},
editor = {Ross, A. G.},
publisher = {Teubner},
title = {{Flavii Arriani Anabasis Alexandri}},
year = {1907}
}
@book{Herodotus1920,
address = {Cambridge},
author = {Herodotus},
publisher = {Harvard University Press},
title = {{The Histories [with an English translation by A.D. Godley]}},
year = {1920}
}
@book{CassiusDioCocceianus1914,
address = {Lodon, New York},
author = {{Cassius Dio Cocceianus}},
editor = {Cary, E. and Foster, H. B.},
publisher = {Harvard University Press; William Heinemann},
title = {{Historiae Romanae}},
year = {1914}
}
@book{Thukydides1977,
address = {Praha},
author = {Th{\'{u}}k{\'{y}}did{\'{e}}s},
edition = {2. vyd.},
publisher = {Odeon},
title = {{D{\v{e}}jiny peloponn{\'{e}}sk{\'{e}} v{\'{a}}lky [přelo{\v{z}}il V{\'{a}}clav Bahn{\'{i}}k]}},
year = {1977}
}
@book{Pseudo-Scymnus1846,
address = {Lipsiae},
author = {Pseudo-Scymnus},
editor = {Dittrich, Hermann Theodor},
publisher = {Teubner},
title = {{Scymni Chii Periegesis quae supersunt}},
year = {1846}
}
@book{PomponiusMela1816,
address = {Lipsiae},
author = {{Pomponius Mela}},
editor = {Taschucke, Karl Heinrich},
keywords = {Ancient,Geography},
publisher = {Sumptibus Frid. Christ. Guil. Vogelii},
title = {{Pomponii Melae De situ orbis libri tres}},
year = {1816}
}
@book{Hellanicus1826,
address = {Lipsiae},
author = {Hellanicus},
editor = {Sturz, Friedrich Wilhelm and Kanter, Wilhelm},
publisher = {Hartmann},
title = {{Hellanici Lesbii Fragmenta}},
year = {1826}
}
@book{Isocrates1980,
address = {Cambridge (MA)},
author = {Isocrates},
editor = {Norlin, G.},
publisher = {Harvard University Press},
title = {{Isocrates with an English Translation in three volumes}},
year = {1980}
}
@book{Pseudo-Skylax2011,
abstract = {The Periplous--often attributed to Skylax of Karyanda but in fact written by an unknown author during the fourth century BC--describes the coasts of the Mediterranean and Black Seas as known by the ancient Greeks in great detail, noting towns, rivers, harbors, and mountains. This is the first full edition of the Periplous to be published since 1855, and the first complete English translation.},
address = {Exeter},
annote = {Includes bibliographical references (p. [222]-235) and index.},
author = {Pseudo-Skylax},
editor = {Shipley, Graham},
publisher = {Bristol Phoenix Press},
title = {{Pseudo-Skylax's periplous: the circumnavigation of the inhabited world.}},
year = {2011}
}
@book{Pindar1997,
address = {Cambridge (MA)},
author = {Pindar},
editor = {Race, W. H.},
publisher = {Harvard University Press},
title = {{Nemean Odes. Isthmian Odes. Fragments}},
year = {1997}
}
@book{Thucydides1942,
address = {Oxford},
author = {Thucydides},
publisher = {Oxford University Press},
title = {{Historiae}},
year = {1942}
}
@book{Homeros1934,
address = {Praha},
author = {Hom{\'{e}}ros},
publisher = {Jan Laichter},
title = {{Hom{\'{e}}rova Ilias [přelo{\v{z}}il, {\'{u}}vodem, pozn{\'{a}}mkami a slovn{\'{i}}{\v{c}}kem opatřil Otmar Vaňorn{\'{y}}]}},
year = {1934}
}
@book{Eutropius1898,
address = {New York},
author = {Eutropius},
editor = {Hazzard, Jesse Charles},
keywords = {Rome--History},
publisher = {American book company},
title = {{Eutropius}},
year = {1898}
}
@book{Plato1903,
address = {Oxford},
author = {Plato},
editor = {Burnet, J.},
publisher = {Oxford University Press},
title = {{Platonis Opera}},
year = {1903}
}
@book{PubliusOvidiusNaso1939,
address = {Cambridge (MA)},
author = {{Publius Ovidius Naso}},
editor = {Wheeler, Arthur Leslie},
publisher = {Harvard University Press},
title = {{Tristia}},
year = {1939}
}
@book{DiodorosSicilskyDiodorusSiculus1989,
address = {Cambridge (MA); London},
author = {{Diodorus Siculus}},
publisher = {Harvard University Press; William Heinemann},
title = {{Diodorus of Sicily in Twelve Volumes with an English Translation by C. H. Oldfather. Vol. 4-8}},
year = {1989}
}
@book{Pliny2014,
abstract = {Pliny the Elder (23-79 CE) produced in his Natural History a vast compendium of Roman knowledge. Topics included are the mathematics and metrology of the universe},
address = {Cambridge (MA), London},
annote = {Includes bibliography and indexes.},
author = {Pliny},
editor = {Andrews, A C and Eichholz, D E and Jones, William Henry Samuel and Rackham, Harris},
publisher = {Harvard University Press},
title = {{Natural history (Historia Naturalis)}},
year = {2014}
}
@book{KlaudiosPtolemaios1843,
address = {Lipsiae},
author = {{Klaudios Ptolemaios}},
editor = {Nobbe, C. F. A.},
publisher = {Sumptibus et typis Caroli Tauchnitii},
title = {{Claudii Ptolemaii Geographia}},
year = {1843}
}
@book{AmmianusMarcellinus1963,
address = {London},
annote = {'Bibliographical note': v.1, p.xiviii-xiiv.},
author = {{Ammianus Marcellinus}},
editor = {Rolfe, John Carew},
keywords = {284-476,Rome -- History -- Empire},
publisher = {W. Heinemann},
title = {{Ammianus Marcellinus}},
year = {1963}
}
@book{Suetonius1924,
address = {London},
annote = {'Bibliographical note': v.1, p.xxvii-xxix.},
author = {Suetonius},
publisher = {Heinemann},
title = {{Suetonius / with an English translation by J. C. Rolfe.}},
year = {1924}
}
@book{Pausanias1903,
address = {Lipsiae},
author = {Pausanias},
publisher = {Teubner},
title = {{Pausaniae Graeciae Descriptio}},
year = {1903}
}
@book{Xenofon1974,
address = {Praha},
author = {Xenof{\'{o}}n},
publisher = {Odeon},
title = {{Anabaze [přelo{\v{z}}il Jaroslav {\v{S}}onka]}},
year = {1974}
}
@book{Varro1938,
address = {London, Cambridge (MA)},
author = {Varro},
editor = {Kent, Roland G.},
publisher = {Heinemann, Harvard University Press},
title = {{On the Latin Language}},
year = {1938}
}
@book{Arrian1885,
address = {Leipzig},
author = {Arrian},
editor = {Hercher, R. and Eberhard, A.},
publisher = {Teubner},
title = {{Arriani Nicomediensis Scripta Minora}},
year = {1885}
}
@book{Demosthenes1921,
address = {Oxford},
author = {Demosthenes},
editor = {Butcher, S. H. and Rennie, W.},
publisher = {Clarendon Press},
title = {{Demosthenis Orationes}},
year = {1921}
}
@book{Herodotos2004,
address = {Praha},
author = {H{\'{e}}rodotos},
edition = {3. vyd.},
publisher = {Academia},
title = {{D{\v{e}}jiny [přelo{\v{z}}il Jaroslav {\v{S}}onka]}},
year = {2004}
}
@book{Aristophanes1907,
address = {Oxford},
author = {Aristophanes},
editor = {Hall, F. W. and Geldart, W. M.},
publisher = {Clarendon Press},
title = {{Aristophanes Comoediae}},
year = {1907}
}
