@Article{Tuslova2016,
  author  = {Tu{\v{s}}lov{\'{a}}, Petra and Weissov{\'{a}}, Barbora and Bakardzhiev, Stefan and {\v{C}}is≈•akova, Viktoria and Frecer, Robert and Janouchov{\'{a}}, Petra},
  title   = {{The Stroyno Archaeological Project, Report on the Season 2015}},
  journal = {Studia Hercynia},
  year    = {2016},
  volume  = {19},
  number  = {1-2},
  pages   = {247--265},
}
