@article{Gyuzelev2002,
author = {Gyuzelev, Martin},
journal = {Izvestija na Narodnija muzej Burgas},
pages = {119--129},
title = {{Ancient Funerary Monuments at Sozopol Archaeological Museum}},
volume = {4},
year = {2002}
}
@incollection{Gyuzelev2005,
address = {Sofia},
author = {Gyuzelev, Martin},
booktitle = {Heros Hephaistos: Studia in honorem Liubae Ognenova-Marinova},
editor = {Stoya︡nov, Totko},
pages = {131--138},
publisher = {Faber Publisher},
title = {{Ancient Funerary Monuments Found at the Necropolis of Kalfata (Sozopol) in the Year of 2002}},
year = {2005}
}
@article{Gyuzelev2013,
author = {Gyuzelev, Martin},
journal = {Il Mar Nero},
pages = {115--148},
title = {{Tituli sepulcrales in necropoli antiqua locis dictis Kalfata and Budzaka prope urbem Sozopolim reperti in effosionibus annorum MMIV et MMV}},
volume = {7},
year = {2013}
}
@book{Krauss1980,
address = {Bonn},
author = {Krauss, Johannes},
keywords = {inscriptions},
publisher = {Rudolf Habelt Verlag},
title = {{Die Inschriften von Sestos und der Thrakischen Chersonesos}},
year = {1980}
}
@book{Lajtar2000,
address = {Bonn},
author = {Lajtar, Adam},
keywords = {inscriptions},
publisher = {Rudolf Habelt Verlag},
title = {{Die Inschriften von Byzantion}},
year = {2000}
}
@book{Loukopoulu2005,
address = {Athens},
author = {Loukopoulou, Louisa and Parissaki, Maria Gabriella and Psoma, Selene and Zournatzi, Antigone},
isbn = {9607905210},
keywords = {inscriptions},
publisher = {Diffusion de Boccard},
title = {{Inscriptiones antiquae partis Thraciae quae ad ora maris Aegaei site est: praefecture Xanthes, Rhodopes et Hebri}},
year = {2005}
}
@book{Manov2008,
address = {Sofia},
author = {Manov, Metodi},
publisher = {BAN - NAIM},
title = {{Selishnijat zhivot v dolinata na sredna Struma spored antichnite epigrafski pametnitsi ot IV/III v. pr. Ch. - III v. sl. Ch.}},
year = {2008}
}
@book{Mihailov1997,
address = {Sofia},
author = {Mihailov, Georgi},
keywords = {inscriptions},
publisher = {Academiae Litterarum Bulgaricae},
title = {{Inscriptiones graecae in Bulgaria repertae, V: Inscriptiones novae, addenda et corrigenda}},
year = {1997}
}
@book{Mihailov1966,
address = {Sofia},
author = {Mihailov, Georgi},
keywords = {inscriptions},
publisher = {Academiae Litterarum Bulgaricae},
title = {{Inscriptiones graecae in Bulgaria repertae, IV: Inscriptiones in territorio Serdicensi et in vallibus Strymonis Nestique repertae}},
year = {1966}
}
@book{Mihailov1964,
address = {Sofia},
author = {Mihailov, Georgi},
keywords = {inscriptions},
publisher = {Academiae Litterarum Bulgaricae},
title = {{Inscriptiones graecae in Bulgaria repertae, III,2: Inscriptiones inter Haemum et Rhodopem repertae: A territorio Philippopolitano usque ad oram Ponticam}},
year = {1964}
}
@book{Mihailov1961,
address = {Sofia},
author = {Mihailov, Georgi},
keywords = {inscriptions},
publisher = {Academiae Litterarum Bulgaricae},
title = {{Inscriptiones graecae in Bulgaria repertae, III,1: Inscriptiones inter Haemum et Rhodopem repertae. Territorium Philippopolis}},
year = {1961}
}
@book{Mihailov1958,
address = {Sofia},
author = {Mihailov, Georgi},
keywords = {inscriptions},
publisher = {Academiae Litterarum Bulgaricae},
title = {{Inscriptiones graecae in Bulgaria repertae, II: Inscriptiones inter Danubium et Haemum repertae}},
year = {1958}
}
@book{Mihailov1970a,
address = {Sofia},
author = {Mihailov, Georgi},
keywords = {inscriptions},
publisher = {Academiae Litterarum Bulgaricae},
title = {{Inscriptiones graecae in Bulgaria repertae, I,2: Inscriptiones orae Ponti Euxini}},
year = {1970}
}
@book{Mihailov1956,
address = {Sofia},
author = {Mihailov, Georgi},
keywords = {inscriptions},
language = {lat},
publisher = {Academiae Litterarum Bulgaricae},
title = {{Inscriptiones graecae in Bulgaria repertae, I: Inscriptiones orae Ponti Euxini}},
year = {1956}
}
@book{Sayar1998,
address = {Vienna},
author = {Sayar, Mustafa Hamdi},
keywords = {inscriptions},
publisher = {{\"{O}}sterreichische Akademie der Wissenschaften},
title = {{Perinthos-Herakleia (Marmara Ereğlisi) und Umgebung. Geschichte, Testimonien, griechische und lateinische Inschriften}},
year = {1998}
}
@incollection{Velkov2005,
address = {Burgas},
author = {Velkov, Velizar},
booktitle = {Nessebre III},
editor = {Karayotov, Ivan},
pages = {159--193},
publisher = {Spring Ltd.},
title = {{Inscriptions antiques de Messambria (1964-1984)}},
year = {2005}
}
@incollection{Velkov1991,
address = {Sofia},
author = {Velkov, Velizar},
booktitle = {Kabile 2},
editor = {Velkov, Velizar},
pages = {7--53},
publisher = {Balgarska Akademia na naukite},
title = {{Nadpisi ot Kabile}},
year = {1991}
}
@book{,
title = {{Supplementum Epigraphicum Graecum}}
}
@article{,
title = {{L'Ann{\'{e}}e {\'{e}}pigraphique}}
}
@article{,
title = {{Corpus Inscriptionum Latinarum}}
}
@article{,
title = {{Inscriptiones Graecae}}
}
