% Encoding: UTF-8

@InCollection{Zgusta1980,
  author    = {Zgusta, Ladislav},
  title     = {{Die Rolle des Griechischen in r{\"{o}}mischen Kaiserreich}},
  booktitle = {Die Sprachen im R{\"{o}}mischen Reich der Kaiserzeit},
  publisher = {Rheinland Verlag, Rudolf Habelt Verlag},
  year      = {1980},
  editor    = {Neumann, Gunter and Untermann, Jurgen},
  pages     = {121--145},
  address   = {Koln, Bonn},
}

@Book{Zelnick-Abramowitz2005,
  title     = {{Not Wholy Free: The Concept of Manumission and the Status of Manumitted Slaves in the Ancient Greek World}},
  publisher = {Brill},
  year      = {2005},
  author    = {Zelnick-Abramowitz, R.},
  address   = {Leiden, Boston},
}

@InCollection{Zahrnt2015,
  author    = {Zahrnt, Michael},
  title     = {{Early History of Thrace}},
  booktitle = {A Companion to Ancient Thrace},
  publisher = {Wiley-Blackwell},
  year      = {2015},
  editor    = {Valeva, Julia and Nankov, Emil and Graninger, Denver},
  pages     = {35--47},
  address   = {Malden, Oxford, Chichester},
}

@InCollection{Zacharia2008,
  author    = {Zacharia, Katerina},
  title     = {{Herodotus' Four Markers of Greek Identity}},
  booktitle = {Hellenisms: Culture, Identity, and Ethnicity from Antiquity to Modernity},
  publisher = {Ashgate Publishing},
  year      = {2008},
  editor    = {Zacharia, Katerina},
  pages     = {21--36},
  address   = {Aldershot, Burlington},
}

@Article{Xydopoulos2004,
  author  = {Xydopoulos, Ioannis K.},
  title   = {{The Thracian Image in the Archaic Literature. The Absence of Otherness}},
  journal = {Peri Thrakes},
  year    = {2004},
  volume  = {34},
  pages   = {11--22},
}

@InCollection{Xydopoulos2007a,
  author    = {Xydopoulos, Ioannis K.},
  title     = {{The Concept and Representation of Northern Communities in Ancient Greek Historiography: The Case of Thucydides}},
  booktitle = {Communities in European History: Representations, Jurisdictions, Conflicts},
  publisher = {Edizioni Plus},
  year      = {2007},
  editor    = {Pan-Montoyo, Juan and Pedersen, Frederik},
  pages     = {1--22},
  address   = {Pisa},
}

@Article{Xydopoulos2010,
  author  = {Xydopoulos, Ioannis K.},
  title   = {{Defining Identities in the Black Sea Region: The Case of the Massagetae in Greek Literary Sources}},
  journal = {EGNATIA},
  year    = {2010},
  volume  = {14},
  pages   = {19--28},
}

@Article{Xydopoulos2010b,
  author  = {Xydopoulos, Ioannis K.},
  title   = {{The Odrysian Kingdom after Philip II: Greek- and Self-perception}},
  journal = {Eirene},
  year    = {2010},
  volume  = {XLVI},
  pages   = {213--222},
}

@InCollection{Xydopoulos2007,
  author    = {Xydopoulos, Ioannis K.},
  title     = {{The Thracian Image in Herodotus and the Rhetoric of Otherness}},
  booktitle = {Proceedings of the Mediterranean Crossroads Conference (MCC): New Trends in the Study of the Mediterranean and its history at the onset of the 21st century},
  publisher = {Ethnikon Hidryma Ereuno},
  year      = {2007},
  editor    = {[s.n.]},
  pages     = {593--604},
  address   = {Athens, Oxford},
}

@Book{Worthington2015,
  title     = {{By the Spear}},
  publisher = {Oxford University Press},
  year      = {2015},
  author    = {Worthington, Ian},
  address   = {Oxford, New York},
}

@Article{Woolf2004,
  author  = {Woolf, Greg},
  title   = {{Cultural Change in Roman Antiquity: Observation on Agency}},
  journal = {Kodai},
  year    = {2004},
  volume  = {13/14},
  pages   = {157--167},
}

@InCollection{Woolf2009,
  author    = {Woolf, Greg},
  title     = {{Cruptorix and His Kind. Talking Ethnicity on the Middle Ground}},
  booktitle = {Ethnic Constructs in Antiquity: The Role of Power and Tradition},
  publisher = {Amsterdam University Press},
  year      = {2009},
  editor    = {Derks, Ton and Roymans, Nico},
  pages     = {207--217},
  address   = {Amsterdam},
}

@Article{Woolf1997,
  author  = {Woolf, Greg},
  title   = {{Beyond Romans and Natives}},
  journal = {World Archaeology},
  year    = {1997},
  volume  = {28},
  number  = {3},
  pages   = {339--350},
}

@Book{Woolf2000,
  title     = {{Becoming Roman: The Origins of Provincial Civilization in Gaul}},
  publisher = {Cambridge University Press},
  year      = {1998},
  author    = {Woolf, Greg},
  address   = {Cambridge},
}

@Article{Woolf1994,
  author  = {Woolf, Greg},
  title   = {{Becoming Roman, Staying Greek: Culture, Identity and the Civilizing Process in the Roman East}},
  journal = {Proceedings of the Cambridge Philological Society},
  year    = {1994},
  volume  = {40},
  pages   = {116--143},
}

@InCollection{Witschel2010,
  author    = {Witschel, Christian},
  title     = {{The Epigraphic Habit in Late Antiquity: An Electronic Archive of Late Roman Inscriptions Ready for Open Access}},
  booktitle = {Latin on Stone: Epigraphic Research and Electronic Archives},
  publisher = {Lexington Books},
  year      = {2010},
  editor    = {Feraudi-Gruenais, Francisca},
  pages     = {77--95},
  address   = {Lanham, Boulder, New York, Toronto, Plymouth UK},
}

@Article{Whitley1991,
  author  = {Whitley, James},
  title   = {{Social Diversity in Dark Age Greece}},
  journal = {The Annual of the British School at Athens},
  year    = {1991},
  volume  = {86},
  pages   = {344--365},
}

@Book{Whitley2001,
  title     = {{The Archaeology of Ancient Greece}},
  publisher = {Cambridge University Press},
  year      = {2001},
  author    = {Whitley, J.},
  address   = {Cambridge},
}

@InCollection{Whitehouse2005,
  author    = {Whitehouse, R. and Wilkins, J.},
  title     = {{Greeks and Nnatives in South-East Italy: approaches to the archaeological evidence}},
  booktitle = {Centre and Periphery. Comparative studies in archaeology},
  publisher = {Routledge},
  year      = {2005},
  editor    = {Champion, T},
  pages     = {103--127},
  address   = {London, New York},
}

@Book{White1991,
  title     = {{The Middle Ground: Indians, Empires, and Republics in the Great Lakes Region, 1650-1815}},
  publisher = {Cambridge University Press},
  year      = {1991},
  author    = {White, Richard},
  editor    = {White, Richard},
  address   = {Cambridge, New York},
}

@InCollection{White2011,
  author    = {White, Richard},
  title     = {{Preface to the twentieth anniversary edition}},
  booktitle = {The Middle Ground: Indians, Empires, and Republics in the Great Lakes Region, 1650-1815},
  publisher = {Cambridge University Press},
  year      = {2011},
  pages     = {xi--xxiv},
  address   = {New York},
  edition   = {2nd editio},
}

@Article{Weissova2016,
  author  = {Weissova, Barbora},
  title   = {{Quantification of Burial Mounds in Yambol District, Ancient Thrace}},
  journal = {Ancient West {\&} East},
  year    = {2016},
  volume  = {15},
  pages   = {115--129},
}

@InProceedings{Weissova2013,
  author    = {Weissova, Barbora},
  title     = {{Project for the Verification of Burial Mounds in Ancient Thrace. Methods and Preliminary Results from the Regions of Stara Zagora, Yambol and Pazardzhik}},
  booktitle = {SOMA 2012: Identity and Connectivity},
  year      = {2013},
  editor    = {Bombardieri, Luca and D'Agostino, Anacleto and Guarducci, Guido and Orsi, Valentina and Valentini, Stefano},
  pages     = {1047--1052},
  address   = {Oxford},
  publisher = {BAR International Series 2581 (II)},
}

@Article{Webster2001,
  author  = {Webster, Jane},
  title   = {{Creolizing the Roman Provinces}},
  journal = {American Journal of Archaeology},
  year    = {2001},
  volume  = {105},
  number  = {2},
  pages   = {209--225},
}

@Book{Wallerstein1974,
  title     = {{The Modern World-system. I, Capitalist Agriculture and the Origins of the European World-Economy in the Sixteenth Century}},
  publisher = {Academic Press},
  year      = {1974},
  author    = {Wallerstein, I.},
  address   = {New York, London},
}

@InCollection{Vranic2014a,
  author    = {Vrani{\v{c}}, Ivan},
  title     = {{The "Hellenization" process and the Balkan Iron Age archaeology}},
  booktitle = {The Edges of the Roman World},
  publisher = {Cambridge Scholar Publishing},
  year      = {2014},
  editor    = {Jankovi{\v{c}}, Marko A. and Mihajlovi{\v{c}}, Vladimir D. and Babi{\v{c}}, Sta{\v{s}}a},
  pages     = {33--47},
  address   = {Newcastle upon Tyne},
}

@Article{Vranic2012,
  author  = {Vrani{\v{c}}, Ivan},
  title   = {{The Classical and Hellenistic Economy and the 'Paleo-Balkan' Hinterland: A Case Study of the Iron Age 'Hellenized Settlements'}},
  journal = {Balcanica},
  year    = {2012},
  volume  = {43},
  pages   = {29--49},
}

@InCollection{Vranic2014b,
  author    = {Vrani{\v{c}}, Ivan},
  title     = {{'Hellenisation' and Ethnicity in the Continental Balkan Iron Age Ivan}},
  booktitle = {Fingerprinting the Iron Age},
  publisher = {Oxbow books},
  year      = {2014},
  editor    = {Popa, Catakin Nicolae and Stoddart, Simon},
  pages     = {161--172},
  address   = {Oxford and Philadelphia},
}

@Book{Vlassopoulos2013a,
  title     = {{Greeks and Barbarians}},
  publisher = {Cambridge University Press},
  year      = {2013},
  author    = {Vlassopoulos, Kostas},
  address   = {Cambridge},
}

@InCollection{Vlassopoulos2013,
  author    = {Vlassopoulos, Kostas},
  title     = {{The Stories of the Others: Storytelling and Intercultural Communication in the Herodotean Mediterranean}},
  booktitle = {Ancient Ethnography: New Approaches},
  publisher = {Bloomsbury},
  year      = {2013},
  editor    = {Almagor, Eran and Skinner, Joseph},
  pages     = {49--75},
  address   = {London, New Delhi, New York, Sydney},
  isbn      = {9781849668903},
}

@Article{Venedikov1977,
  author  = {Venedikov, Ivan},
  title   = {{Thrace}},
  journal = {The Metropolitan Museum of Art Bulletin, New Series},
  year    = {1977},
  volume  = {35},
  number  = {1},
  pages   = {72--80},
}

@Book{Venedikov1969,
  title     = {{Nessebre I}},
  publisher = {Editions de l'Academie bulgare des Sciences},
  year      = {1969},
  author    = {Venedikov, Ivan},
  address   = {Sofia},
}

@Book{Velkovetal1981,
  title     = {{Izvori za istoriata na Trakia i trakite}},
  publisher = {Izdatelstvo na Balgarskata Akademia na naukite},
  year      = {1981},
  author    = {Velkov, Velkov and Go{\v{c}}eva, Zlatozara and {Tapkova Zaimova}, V.},
  address   = {Sofia},
}

@InCollection{Velkov1997,
  author    = {Velkov, Velizar and Domaradzka, Lidia},
  title     = {{Kotys I. (383/2-359 B. C.) and Emporion Pistiros in Thrace}},
  booktitle = {Pistiros I},
  year      = {1996},
  editor    = {Bouzek, Jan and Domaradzki, Mieczyslaw and Archibald, Zosia Halina},
  volume    = {I},
  pages     = {205--216},
  address   = {Prague},
}

@Book{Velkov1977,
  title     = {{Cities in Thrace and Dacia in Late Antiquity}},
  publisher = {Adolf M. Hakkert},
  year      = {1977},
  author    = {Velkov, Velizar},
  address   = {Amsterdam},
}

@InCollection{Velkov1969,
  author    = {Velkov, Velizar},
  title     = {{Incriptions de Mesembria (1956-1963)}},
  booktitle = {Nessebre I},
  publisher = {Academie Bulgare des Sciences},
  year      = {1969},
  editor    = {Venedikov, Ivan and Ivanov, Teofil and Ognenova-Marinova, Ljuba},
  pages     = {179--224},
  address   = {Sofia},
}

@InCollection{Velkov1982,
  author    = {Velkov, Velizar},
  title     = {{Kabile. Mestopolozhenie, pouchvania, izvori}},
  booktitle = {Kabile 1},
  publisher = {Balgarska Akademia na naukite},
  year      = {1982},
  editor    = {Ivanov, Teofil},
  pages     = {7--17},
  address   = {Sofia},
}

@Article{VELIGIANNI1998,
  author  = {Veligianni, C. H. R.},
  title   = {{Hebryzelmis, Sohn des Seuthes, Prianeus}},
  journal = {Tekmeria},
  year    = {1998},
  volume  = {4},
  pages   = {101--112},
}

@Article{VELIGIANNI1995,
  author  = {Veligianni, C. H. R.},
  title   = {{Abdera, Maroneia, Ainos und der Odrysenstaat}},
  journal = {Tekmeria},
  year    = {1995},
  volume  = {1},
  pages   = {137--172},
}

@Article{Vanvalkenburgh2013,
  author  = {Vanvalkenburgh, Parker},
  title   = {{Hybridity, Creolization, Mestizaje: A Comment}},
  journal = {Archaeological Review from Cambridge},
  year    = {2013},
  volume  = {28},
  number  = {1},
  pages   = {301--322},
}

@InCollection{VanNijf2015,
  author    = {{Van Nijf}, Onno},
  title     = {{Civic Mirrors: Honorific Inscriptions and the Politics of Prestige}},
  booktitle = {Social Status and Prestige in the Graeco-Roman World},
  publisher = {Franz Steiner Verlag},
  year      = {2015},
  editor    = {Kuhn, Annika B.},
  pages     = {233--245},
  address   = {Stuttgart},
}

@Book{VanDommelen2010,
  title     = {{Material Connections in the Ancient Mediterranean: Mobility, Materiality and Mediterranean Identities}},
  publisher = {Routledge},
  year      = {2010},
  author    = {{Van Dommelen}, Peter and Knapp, A. Bernard},
  address   = {London, New York},
}

@InCollection{VanDommelen2005,
  author    = {{Van Dommelen}, Peter},
  title     = {{Colonial Interactions and Hybrid Practices: Phoenician and Carthaginian Settlement in the Ancient Mediterranean}},
  booktitle = {The Archaeology of Colonial Encounters: Comparative Perspectives},
  publisher = {School for Advanced Research Press},
  year      = {2005},
  editor    = {Stein, Gil J.},
  pages     = {109--141},
  address   = {Santa Fe},
}

@InCollection{VanDommelen1998,
  author    = {{Van Dommelen}, Peter},
  title     = {{Conceptualizing colonialism. Mediterranean archaeology and the study of colonialism}},
  booktitle = {On Colonial Grounds},
  publisher = {Faculty of Archaeology, University of Leiden},
  year      = {1998},
  editor    = {{Van Dommelen}, Peter},
  pages     = {15--36},
  address   = {Leiden},
}

@Article{Tzochev2016,
  author  = {Tzochev, Chavdar},
  title   = {{Accounts from the Treasury of Seuthes III: Inscribed Silver Plate Found in the Tomb of the Golyama Kosmatka Mound}},
  journal = {Hesperia: The Journal of the American School of Classical Studies at Athens},
  year    = {2016},
  volume  = {85},
  number  = {4},
  pages   = {779--794},
}

@Article{Tuslova2016,
  author  = {Tu{\v{s}}lov{\'{a}}, Petra and Weissov{\'{a}}, Barbora and Bakardzhiev, Stefan and {\v{C}}isťakova, Viktoria and Frecer, Robert and Janouchov{\'{a}}, Petra},
  title   = {{The Stroyno Archaeological Project, Report on the Season 2015}},
  journal = {Studia Hercynia},
  year    = {2016},
  volume  = {19},
  number  = {1-2},
  pages   = {247--265},
}

@Article{Tuslova2014,
  author  = {Tu{\v{s}}lov{\'{a}}, Petra and Weissov{\'{a}}, Barbora and Bakardzhiev, Stefan},
  title   = {{Stroyno Excavation Project, introduction to the site of Yurta–Stroyno and report on the 2014 season}},
  journal = {Studia Hercynia},
  year    = {2014},
  volume  = {XVIII},
  number  = {1-2},
  pages   = {16--24},
}

@Book{Tsonchev1941,
  title     = {{Le sanctuaire thrace pr{\`{e}}s du village de Batkoun}},
  publisher = {Impr. de lʹ{\'{E}}tat},
  year      = {1941},
  author    = {Tsonchev, D.},
  address   = {Sofia},
}

@InCollection{Tsiafakis2000,
  author    = {Tsiafakis, Despoina},
  title     = {{The Allure and Repulsion of Thracians in the Art of Classical Athens}},
  booktitle = {Not the Classical Ideal, Athens and the Construction of the Other in Greek Art},
  publisher = {Brill},
  year      = {2000},
  editor    = {Cohen, Beth},
  pages     = {364--389},
  address   = {Leiden},
}

@InCollection{Tsetskhladze2004c,
  author    = {Tsetskhladze, Gocha R.},
  title     = {{Greek Penetration of the Black Sea}},
  booktitle = {The Archaeology of Greek Colonisation: Essays dedicated to Sir John Boardman},
  publisher = {Oxford University School of Archaeology},
  year      = {2004},
  editor    = {Tsetskhladze, Gocha R. and {DE Angelis}, Franco},
  pages     = {111--135},
  address   = {Oxford},
}

@InCollection{Tsetskhladze2006,
  author     = {Tsetskhladze, Gocha R.},
  title      = {{Revisiting Ancient Greek Colonisation}},
  booktitle  = {Greek Colonisation. An Account of Greek colonies and Other Settlements Overseas},
  publisher  = {Brill},
  year       = {2006},
  volume     = {I},
  pages      = {xxiii--lxxxiii},
  address    = {Leiden, Boston},
  shorttitle = {An account of Greek colonies and other settlements},
}

@Book{Tsetskhladze2004a,
  title     = {{The archaeology of Greek colonisation: essays dedicated to Sir John Boardman}},
  publisher = {Oxford University Committee for Archaeology},
  year      = {2004},
  author    = {Tsetskhladze, Gocha R and {De Angelis}, Franco and Boardman, John},
  number    = {40},
  address   = {Oxford},
  isbn      = {0947816615},
  pmid      = {1886843},
}

@InCollection{Topalilov2013,
  author    = {Topalilov, Ivo},
  title     = {{The Veterans and their Descendents in the Elite of Philippopolis, Thrace}},
  booktitle = {Arm{\'{e}}es grecques et romaines dans le nord des Balkans},
  publisher = {Akanthina},
  year      = {2013},
  editor    = {Solas, Ali{\'{e}}nor Rufin and Parissaki, Marie-Gabrielle},
  pages     = {185--196},
  address   = {Gda{\'{n}}sk - Toru{\'{n}}},
}

@Book{Topalilov2012,
  title     = {{Rimskiat Filipopol. Tom 1: Topografia, Gradoustroistvo i Architektura}},
  publisher = {Faber Publisher},
  year      = {2012},
  author    = {Topalilov, Ivo},
  address   = {Sofia},
}

@Book{Tomaschek1893,
  title     = {{Die Alten Thraker}},
  publisher = {F. Tempsky},
  year      = {1893},
  author    = {Tomaschek, Wilhelm},
  volume    = {1-2},
  number    = {IV},
  address   = {Wien},
}

@Book{Tomas2016,
  title     = {{Inter Moesos et Thraces: The Rural Hinterland of Novae in Lower Moesia (1st - 6th centuries AD)}},
  publisher = {Archaeopress},
  year      = {2016},
  author    = {Tomas, Agniezka},
  address   = {Oxford},
}

@Article{Tomas2007,
  author  = {Tomas, Agniezka},
  title   = {{Inter Moesos et Thraces. A Contribution to the Studies on the Rural Hinterland of Novae in Lower Moesia}},
  journal = {Archeologia},
  year    = {2007},
  volume  = {58},
  pages   = {31--47},
}

@InCollection{Tiverios2008,
  author    = {Tiverios, Michalis},
  title     = {{Greek Colonisation in the Northern Aegean}},
  booktitle = {Greek Colonisation. An Account of Greek colonies and Other Settlements Overseas},
  publisher = {Brill},
  year      = {2008},
  editor    = {Tsetskhladze, Gocha},
  pages     = {1--154},
  address   = {Leiden, Boston},
}

@InCollection{Theodossiev2014,
  author    = {Theodossiev, Nikola},
  title     = {{Ancient Thrace Between the East and the West}},
  booktitle = {Fingerprinting the Iron Age},
  publisher = {Oxbow Books},
  year      = {2014},
  editor    = {Popa, Catalin Nicolae and Stoddard, Simon},
  pages     = {157--160},
  address   = {Oxford and Philadelphia},
}

@Article{Theodossiev1997,
  author  = {Theodossiev, Nikola},
  title   = {{A New Early Thracian Inscription from Bulgaria}},
  journal = {Kadmos},
  year    = {1997},
  volume  = {26},
  pages   = {174},
}

@InCollection{Theodossiev2011,
  author    = {Theodossiev, Nikola},
  title     = {{Ancient Thrace during the First Millenium BC}},
  booktitle = {The Black Sea, Greece, Anatolia and Europe in the First Millenium BC},
  publisher = {Peeters},
  year      = {2011},
  editor    = {Tsetskhladze, Gocha R.},
  pages     = {1--60},
  address   = {Leuven},
}

@Book{Talbert2000,
  title     = {{Barrington Atlas of the Greek and Roman World}},
  publisher = {Princeton University Press},
  year      = {2000},
  author    = {Talbert, Richard J. A.},
  address   = {Princeton},
}

@Book{Tainter1988,
  title     = {{The Collapse of Complex Societies}},
  publisher = {Cambridge University Press},
  year      = {1988},
  author    = {Tainter, Joseph A.},
  address   = {Cambridge},
}

@Book{Tacheva2000,
  title     = {{Sevt III., Sevtopolis i Kabile (341 - 252 g. pr. Ch.) spored epigrafskite i numizmatichnite danni / Seuthes III., Seuthopolis und Kabyle (341 - 252 v. Chr.) nach der epigraphischen und numismatischen Angaben}},
  publisher = {Agato},
  year      = {2000},
  author    = {Tacheva, Margarita},
  address   = {Sofia},
}

@Book{Tacheva-Hitova1983,
  title     = {{Eastern Cults in Moesia Inferior and Thracia}},
  publisher = {E. J. Brill},
  year      = {1983},
  author    = {Tacheva-Hitova, Margarita},
  address   = {Leiden},
  chapter   = {214},
}

@Article{Tabakova1959,
  author  = {Tabakova, Gergana},
  title   = {{Svetilishteto na Apolon Zerdenski pri s. Kran, Starozagorsko}},
  journal = {Izvestia na Archeologicheski Institut},
  year    = {1959},
  volume  = {22},
  pages   = {97--110},
}

@Article{Tabakova-Tsanova1976,
  author  = {Tabakova-Tsanova, Gergana and Ovcharov, T.},
  title   = {{Villa rustica krai Kazanlak}},
  journal = {Izvestia muzeite na jugoiztochna Bulgaria},
  year    = {1976},
  volume  = {1},
  pages   = {25--50},
}

@InCollection{Tabakova-Tsanova1980,
  author    = {Tabakova-Tsanova, Gergana},
  title     = {{Svetilishteto na Apolon Teradeenos pri s. Kran, Starozagorsko}},
  booktitle = {Trakiiski pametnitsi II, Trakiiski svetilishta},
  publisher = {Izdatelstvo na Balgarskate Akademia na naukite},
  year      = {1980},
  editor    = {Venedikov, Ivan and Fol, Alexander},
  pages     = {173--194},
  address   = {Sofia},
}

@InCollection{Tabakova-Tsanova1991,
  author    = {Tabakova-Tsanova, Gergana},
  title     = {{Prinos kam archeologicheskata karta na Kazanlaskyia raion}},
  booktitle = {Trakiiskata kultura prez elinisticheskata epocha v Kazanlashkiya krai},
  publisher = {Firma Nadezhda print},
  year      = {1991},
  editor    = {Chichikova, Maria},
  pages     = {103--124},
  address   = {Kazanlak},
}

@Article{Tabakova-Tsanova1961,
  author  = {Tabakova-Tsanova, Gergana},
  title   = {{Trakiisko svetilishte pri s. Viden, Starozagorsko}},
  journal = {Izvestia na Archeologicheski Institut},
  year    = {1961},
  volume  = {24},
  pages   = {203--219},
}

@Book{Stoyanov1997,
  title     = {{Sboryanovo 1: Mogilen nekropol ot rannozheleznaza epocha}},
  publisher = {Svyat, Nauka},
  year      = {1997},
  author    = {Stoyanov, Totko},
  address   = {Sofia},
}

@Article{Stoyanov2001,
  author  = {Stoyanov, Totko},
  title   = {{The Getic Capital at Sboryanovo (North-Eastern Bulgaria)}},
  journal = {Talanta},
  year    = {2001},
  volume  = {32-33},
  pages   = {207--221},
}

@InCollection{Stewart2007a,
  author    = {Stewart, Charles},
  title     = {{Creaolization: History, Etnography, Theory}},
  booktitle = {Creolization: History, Etnography, Theory},
  publisher = {Left Coast Press},
  year      = {2007},
  editor    = {Stewart, Charles},
  pages     = {1--25},
  address   = {Walnut Creek, CA},
}

@Article{Stewart_Lowndes2017-lj,
  author  = {{Stewart Lowndes}, Julia S and Best, Benjamin D and Scarborough, Courtney and Afflerbach, Jamie C and Frazier, Melanie R and O'Hara, Casey C and Jiang, Ning and Halpern, Benjamin S},
  title   = {{Our path to better science in less time using open data science tools}},
  journal = {Nature Ecology {\&} Evolution},
  year    = {2017},
  volume  = {1},
  number  = {6},
  pages   = {s41559----017----0160},
}

@Book{Stein2005,
  title     = {{The Archaeology of Colonial Encounters: Comparative Perspectives}},
  publisher = {School for Advanced Research Press},
  year      = {2005},
  author    = {Stein, Gil J.},
  address   = {Santa Fe},
}

@InCollection{Stein1998,
  author    = {Stein, Gil J.},
  title     = {{World System Theory and Alternative Modes of Interaction in the Archaeology of Culture Contact}},
  booktitle = {Studies in Culture Contact: Interaction, Culture Change, and Archaeology},
  publisher = {Southern Illinois University Press},
  year      = {1998},
  editor    = {Cusick, James G.},
  pages     = {220--255},
  address   = {Carbondale},
}

@InCollection{Stein2005a,
  author    = {Stein, Gil J.},
  title     = {{Introduction: The Comparative Archaeology of Colonial Encounters}},
  booktitle = {The Archaeology of Colonial Encounters: Comparative Perspectives},
  publisher = {School for Advanced Research Press},
  year      = {2005},
  editor    = {Stein, Gil J.},
  pages     = {1--29},
  address   = {Santa Fe},
}

@Book{Sourvinou-Inwood1996,
  title     = {{"Reading" Greek Death: to the end of the Classical Period}},
  publisher = {Clarendon Press},
  year      = {1996},
  author    = {Sourvinou-Inwood, Christianne},
  address   = {Oxford},
}

@Article{Sobotkova2010,
  author  = {Sobotkova, Adela and Ross, Shawn Adrian and Nehrizov, Georgi and Weissova, Barbora},
  title   = {{Tundzha Regional Archaeological Project Kazanluk Survey: Preliminary Report. Spring 2009 and 2010}},
  journal = {Studia Hercynia},
  year    = {2010},
  volume  = {XIV},
  pages   = {56--66},
}

@Article{Sobotkova2015,
  author  = {Sobotkova, Adela and Ross, Shawn},
  title   = {{The Tundzha Regional Archaeology Project: Social Complexity and the Rise of the State in Early Thrace}},
  journal = {Ancient History: Resources for Teachers},
  year    = {2015},
  volume  = {45},
  pages   = {1--25},
}

@InCollection{Sobotkova2017,
  author    = {Sobotkova, Adela},
  title     = {{Contemporaneity and Uncertainty in Kazanlak survey datasets: (How much) are we overcounting?}},
  booktitle = {Tundzha Regional Archaeological Project, Surface Survey, Palaeoecology, and related Studies ( 2009-2011 ): Final Report},
  publisher = {Oxbow Books},
  year      = {2017},
  editor    = {Ross, Shawn Adrian and Sobotkova, Adela and Tzvetkova, Julia and Nekhrizov, Georgi and Connor, Simon},
  pages     = {[s.p.]},
  address   = {Oxford},
}

@InCollection{Sobotkova2013,
  author    = {Sobotkova, Adela},
  title     = {{Resisting Rule in Ancient Thrace}},
  booktitle = {Exploring the Hospitable Sea: Proceedings of the International Workshop on the Black Sea in Antiquity held in Thessaloniki, 21–23 September 2012},
  publisher = {BAR International Series},
  year      = {2013},
  editor    = {Manoledakis, Manolis},
  pages     = {133--146},
  address   = {Oxford},
}

@Article{Snow2006,
  author  = {Snow, Dean R and Gahegan, Mark and Giles, C Lee and Hirth, Kenneth G and Milner, George R and Mitra, Prasenjit and Wang, James Z},
  title   = {{Cybertools and Archaeology}},
  journal = {Science},
  year    = {2006},
  volume  = {311},
  number  = {5763},
  pages   = {958--959},
}

@InCollection{Silliman2013,
  author    = {Silliman, Stephen W.},
  title     = {{What, Where, and When is Hybridity}},
  booktitle = {Archaeology of Hybrid Material Culture},
  publisher = {Southern Illinois University Press},
  year      = {2013},
  editor    = {Card, Jeb J.},
  pages     = {486--500},
  address   = {Carbondale, Edwardsville},
}

@Book{Shipley2011,
  title     = {{Periplous: The Circumnavigation of the Inhabited World}},
  publisher = {Phoenix Press},
  year      = {2011},
  author    = {Shipley, Graham},
  address   = {Bristol},
}

@Article{Sheedy2013,
  author  = {Sheedy, Kenneth},
  title   = {{Nymphodorus of Abdera: mint magistrate and proxenos?}},
  journal = {Numismatic Association of Australia},
  year    = {2013},
  volume  = {24},
  pages   = {39--47},
}

@Article{Sharankov2005,
  author  = {Sharankov, Nicolay},
  title   = {{A Greek Graffito in the Thracian Tomb near Alexandrovo}},
  journal = {Archaeologia Bulgarica},
  year    = {2005},
  volume  = {9},
  number  = {1},
  pages   = {29--35},
}

@InCollection{Sharankov2011,
  author    = {Sharankov, Nicolay},
  title     = {{Language and Society in Roman Thrace}},
  booktitle = {Early Roman Thrace: New Evidence from Bulgaria},
  publisher = {Journal of Roman Archaeology 82},
  year      = {2011},
  editor    = {Haynes, Ian P.},
  pages     = {135--156},
  address   = {Portsmouth, Rhode Island},
}

@Article{Sharankov2005a,
  author  = {Sharankov, Nicolay},
  title   = {{Unknown Governors of Provincia Thracia , Late I-Early II Century AD}},
  journal = {Zeitschrift f{\"{u}}r Papyrologie und Epigraphik},
  year    = {2005},
  volume  = {151},
  pages   = {235--242},
}

@Book{Sears2013,
  title     = {{Athens, Thrace, and the Shaping of Athenian Leadership}},
  publisher = {Cambridge University Press},
  year      = {2013},
  author    = {Sears, Matthew A},
  address   = {Cambridge},
}

@InCollection{Schuler2012,
  author    = {Schuler, Christof},
  title     = {{Inscriptions and Identities of Rural Population Groups in Roman Asia Minor}},
  booktitle = {Epigraphy and the Historical Sciences},
  publisher = {Oxford University Press},
  year      = {2012},
  editor    = {Davies, John K. and Wilkes, John},
  pages     = {63--100},
  address   = {Oxford, New York},
}

@Misc{Scheidel2012,
  author    = {Scheidel, Walter and Meeks, Elijah and Weiland, Jonathan},
  title     = {{ORBIS: The Stanford Geospatial Network Model of the Roman World}},
  year      = {2012},
  booktitle = {Stanford University},
  pages     = {webpage},
  url       = {http://orbis.stanford.edu/orbis2012/ORBIS{\_}v1paper{\_}20120501.pdf},
}

@Book{Sayar1998,
  title     = {{Perinthos-Herakleia (Marmara Ereğlisi) und Umgebung. Geschichte, Testimonien, griechische und lateinische Inschriften}},
  publisher = {{\"{O}}sterreichische Akademie der Wissenschaften},
  year      = {1998},
  author    = {Sayar, Mustafa Hamdi},
  address   = {Vienna},
}

@InCollection{Sartre2007,
  author    = {Sartre, Maurice},
  title     = {{The Ambiguous Name: the Limitations of Cultural Identity in Graeco-Roman Syrian Onomastics}},
  booktitle = {Old and New Worlds in Greek Onomastics},
  publisher = {Oxford University Press},
  year      = {2007},
  editor    = {Matthews, Elaine},
  pages     = {199--232},
  address   = {Oxford, New York},
}

@InCollection{Sapiro2015,
  author    = {Sapiro, Gis{\`{e}}le},
  title     = {{Habitus: History of a Concept}},
  booktitle = {International Encyclopedia of the Social and Behavioral Sciences},
  publisher = {Elsevier},
  year      = {2015},
  editor    = {Wright, James},
  volume    = {10},
  number    = {1973},
  pages     = {484--489},
  address   = {Amsterdam, Boston, Heidelberg, London, New York, Oxford, Paris, San Diego, San Francisco, Singapore, Sydney, Tokyo},
}

@Book{Samsaris1993,
  title     = {{Les Thraces dans l'empire Romain d'Orient: Le Territoire de la Grece actuelle}},
  publisher = {[s.n.]},
  year      = {1993},
  author    = {Samsaris, Dimitris},
  address   = {Jannina},
}

@Book{Samsaris1980,
  title     = {{O exellinismos tis Thrakis kata tin elliniki kai romaiki archaiotita}},
  publisher = {Dissertation thesis},
  year      = {1980},
  author    = {Samsaris, Dimitris},
  address   = {Thessaloniki},
}

@Book{Samsaris1989,
  title     = {{La vall{\'{e}}e du Bas-Strymon {\`{a}} l'{\'{e}}poque imp{\'{e}}riale. Contribution {\'{e}}pigraphique {\`{a}} la topographie, l'onomastique, l'histoire et aux cultes de la province romaine}},
  publisher = {Dodone},
  year      = {1989},
  author    = {Samsaris, Dimitrios Const. Dimitris},
  volume    = {18},
  number    = {1},
  address   = {Ioannina},
  booktitle = {Dodone},
  pages     = {203--382},
  url       = {http://cat.inist.fr/?aModele=afficheN{\%}7B{\&}{\%}7Dcpsidt=6121596},
}

@Article{Saller1984,
  author  = {Saller, Richard P. and Shaw, Brent D.},
  title   = {{Tombstones and Roman Family Relations in the Principate: Civilians, Soldiers and Slaves}},
  journal = {The Journal of Roman Studies},
  year    = {1984},
  volume  = {74},
  pages   = {124--156},
}

@InCollection{Saller2001,
  author    = {Saller, Richard},
  title     = {{The Family and Society}},
  booktitle = {Epigraphic Evidence: Ancient history from inscriptions},
  publisher = {Routledge},
  year      = {2001},
  editor    = {Bodel, John},
  pages     = {95--117},
  address   = {London, New York},
}

@Article{Sahlins1963,
  author  = {Sahlins, Marshall D},
  title   = {{Poor Man, Rich Man, Big-Man, Chief: Political Types in Melanesia and Polynesia}},
  journal = {Comparative Studies in Society and History},
  year    = {1963},
  volume  = {5},
  number  = {3},
  pages   = {285--303},
}

@Book{Rowlands1978,
  title     = {{Centre and Periphery in the Ancient World}},
  publisher = {Cambridge University Press},
  year      = {1978},
  author    = {Rowlands, Michael and Larsen, Mogens and Kristiansen, Kristian},
  address   = {Cambridge},
}

@InCollection{Rowlands1987,
  author    = {Rowlands, Michael},
  title     = {{Centre and Periphery: a review of a concept}},
  booktitle = {Centre and Periphery in the Ancient World},
  publisher = {Cambridge University Press},
  year      = {1987},
  editor    = {Rowlands, Michael and Larsen, Mogens and Kristiansen, Kristian},
  pages     = {1--11},
  address   = {Cambridge},
}

@Book{Ross2017a,
  title     = {{Tundzha Regional Archaeological Project, Surface Survey, Palaeoecology, and related Studies (2009-2011): Final Report}},
  publisher = {Oxbow Books},
  year      = {2017},
  author    = {Ross, Shawn Adrian and Sobotkova, Adela and Nekhrizov, Georgi and Tsvetkova, Julia and Connor, Simon E.},
  address   = {Oxford},
  pages     = {[v tisku]},
}

@Book{Romer1998,
  title     = {{Pomponius Mela's Decription of the World}},
  publisher = {The University of Michigan Press},
  year      = {1998},
  author    = {Romer, F. E.},
  address   = {Ann Arbor},
}

@InCollection{Renfrew1986,
  author    = {Renfrew, Colin},
  title     = {{Introduction: Peer Polity Interaction and Socio-Political Change}},
  booktitle = {Peer Polity Interaction and Socio‐Political Change},
  publisher = {Cambridge University Press},
  year      = {1986},
  editor    = {Renfrew, Colin and Cherry, John F.},
  pages     = {1--18},
  address   = {Cambridge},
}

@Article{Redfield1936b,
  author    = {Redfield, Robert and Linton, Ralph and Herskovits, Melville J},
  title     = {{Memorandum for the Study of Acculturation}},
  journal   = {American Anthropologist},
  year      = {1936},
  volume    = {38},
  number    = {1},
  pages     = {149--152},
  publisher = {[American Anthropological Association, Wiley]},
  url       = {http://www.jstor.org/stable/662563},
}

@Article{Redfield1936a,
  author  = {Redfield, R and Linton, R and Herskovits, M. J.},
  title   = {{Memorandum for Study of Acculturation}},
  journal = {American Anthropologist},
  year    = {1936},
  volume  = {38},
  number  = {1},
  pages   = {149--152},
}

@InCollection{Raycheva2016,
  author    = {Raycheva, Milena and Delchev, Daniel},
  title     = {{The Lesi{\{}{\v{c}}{\}}eri pillar and the transfer of funerary architecture trends from Bithynia to Roman Thrace}},
  booktitle = {1st International RaLATh Conference “Cities, Territories and Identities"},
  publisher = {1st International RaLATh Conference “Cities, Territories and Identities"},
  year      = {2016},
  pages     = {poster},
  address   = {Plovdiv, 7-10 October 2016},
}

@InCollection{Randsborg1994,
  author    = {Randsborg, Klavs},
  title     = {{Greek Peripheries and Barbarian Centres: Economic Realities and Cultural Responses}},
  booktitle = {Centre and Periphery in the Hellenistic World},
  publisher = {Aarhus University Press},
  year      = {1994},
  editor    = {Bilde, Per and Engberg-Pedersen, Troels and Hannestad, Lise and Zahle, Jan and Randsbborg, Klavs},
  pages     = {86--123},
  address   = {Aarhus},
}

@InCollection{Prag2002,
  author    = {Prag, Jonathan R. W.},
  title     = {{Epigraphy by numbers: Latin and the epigraphic culture in Sicily}},
  booktitle = {Becoming Roman, writing Latin? Literacy and Epigraphy in the Roman West},
  publisher = {Journal of Roman Archaeology},
  year      = {2002},
  editor    = {Cooley, Alison E.},
  pages     = {15--31},
  address   = {Portsmouth, Rhode Island},
}

@InCollection{Prag2013,
  author    = {Prag, Jonathan R. W.},
  title     = {{Epigraphy in the western Mediterranean: a Hellenistic phenomenon?}},
  booktitle = {The Hellenistic West: Rethinking the Ancient Mediterranean},
  publisher = {Cambridge University Press},
  year      = {2013},
  editor    = {Prag, Jonathan R. W. and Quinn, Josephine Crawley},
  pages     = {320--347},
  address   = {Cambridge, New York},
}

@InCollection{Martzavou2012,
  author    = {Prag, Jonathan},
  title     = {{Sicilian Identity in the Hellenistic and Roman Periods: Epigraphic Considerations}},
  booktitle = {Epigraphical Approaches to the Post-Classical Polis: Fourth Century BC to Second Century AD},
  publisher = {Oxford University Press},
  year      = {2013},
  editor    = {Martzavou, P. and Papazarkadas, N.},
  pages     = {37--56},
  address   = {Oxford},
}

@Book{Poulter2007,
  title     = {{The Transition to Late Antiquity in the Danube and Beyond}},
  publisher = {Oxford University Press},
  year      = {2007},
  author    = {Poulter, A. G.},
  address   = {Oxford, New York},
}

@Book{Popper2005,
  title     = {{The Logic of Scientific Discovery}},
  publisher = {Routledge},
  year      = {2005},
  author    = {Popper, Karl Reimund},
  address   = {London, New York},
  isbn      = {0203994620},
  booktitle = {New Yorker, The},
}

@InCollection{Popov2015,
  author    = {Popov, Hristo},
  title     = {{Settlements}},
  booktitle = {A Companion to Ancient Thrace},
  publisher = {Wiley-Blackwell},
  year      = {2015},
  editor    = {Valeva, Julia and Nankov, Emil and Graninger, Denver},
  pages     = {109--125},
  address   = {Malden, Oxford, Chichester},
}

@Article{Pitts2008,
  author  = {Pitts, Martin},
  title   = {{Globalizing the local in Roman Britain: An anthropological approach to social change}},
  journal = {Journal of Anthropological Archaeology},
  year    = {2008},
  volume  = {27},
  number  = {4},
  pages   = {493--506},
}

@Book{Pike1954,
  title     = {{Language in Relation to a Unified Theory of the Structure of Human Behaviour}},
  publisher = {Summer Institute of Linguistics},
  year      = {1954},
  author    = {Pike, Kenneth L.},
  address   = {Glendale},
}

@InCollection{Petzl2012,
  author    = {Petzl, Georg},
  title     = {{Greek Epigraphy and Greek Language}},
  booktitle = {Epigraphy and the Historical Sciences},
  publisher = {Oxford University Press},
  year      = {2012},
  editor    = {Davies, John and Wilkes, John},
  pages     = {49--60},
  address   = {Oxford, New York},
}

@Book{Petrova2015,
  title     = {{Funerary Reliefs from the West Pontic Area (6th-1st centuries BC)}},
  publisher = {Peeters},
  year      = {2015},
  author    = {Petrova, Aneta},
  address   = {Leuven, Paris, Bristol},
}

@InCollection{Paunov2015,
  author    = {Paunov, Eugeni I.},
  title     = {{Introduction to the Numismatics of Thrace, ca. 530 BCE - 46 CE}},
  booktitle = {A Companion to Ancient Thrace},
  publisher = {Wiley-Blackwell},
  year      = {2015},
  editor    = {Valeva, Julia and Nankov, Emil and Graninger, Denver},
  pages     = {265--292},
  address   = {Malden, Oxford, Chichester},
}

@Book{Parker2011,
  title     = {{On Greek Religion}},
  publisher = {Cornell University Press},
  year      = {2011},
  author    = {Parker, Robert},
  address   = {Ithaca},
}

@Article{Parissaki2009,
  author  = {Parissaki, Marie - Gabrielle Gabriella},
  title   = {{{\'{E}}tude sur l'organisation administrative de la Thrace a l'epoque romaine: l'histoire des strat{\'{e}}gies}},
  journal = {REG},
  year    = {2009},
  volume  = {122},
  number  = {2},
  pages   = {319--357},
}

@Book{Parissaki2007,
  title     = {{Prosopography and Onomasticon of Aegean Thrace}},
  publisher = {Kentron Hellēnikēs kai Rōmaikēs Archaiotētos},
  year      = {2007},
  author    = {Parissaki, Maria Gabriella},
  address   = {Athens},
}

@Book{Avram2013b,
  title     = {{Thrakika Zetemata II: Aspects of the Roman Province of Thrace Aspects of the Roman Province of Thrace}},
  publisher = {Diffusion de Boccard},
  year      = {2013},
  author    = {Parissaki, Maria Gabriella},
  address   = {Athens},
  isbn      = {9789609538183},
  booktitle = {Thrakika Zetemata II: Aspects of the Roman Province of Thrace Aspects of the Roman Province of Thrace},
}

@Article{Papazoglu1980,
  author  = {Papazoglu, Fanula},
  title   = {{O „helenizaciji“ i „romanizaciji“}},
  journal = {Glas Srpske akademije nauka i umetnosti},
  year    = {1980},
  volume  = {320},
  number  = {2},
  pages   = {21--36},
}

@InCollection{Panayotova2007,
  author    = {Panayotova, Krystina},
  title     = {{Burial and post-burial rites in the necropoleis of the Greek colonies on the Bulgarian Black Sea Littoral}},
  booktitle = {Ancient Greek Colonies in the Black Sea, Vol. 2 (1)},
  publisher = {Archaeopress},
  year      = {2007},
  editor    = {Grammenos, D. V. and Petropoulos, Elias. K},
  pages     = {85--126},
  address   = {Oxford},
}

@InCollection{Owen2005,
  author    = {Owen, Sara},
  title     = {{Analogy, Archaeology and Archaic Greek Colonization}},
  booktitle = {Ancient Colonizations: Analogy, Similarity and Difference},
  publisher = {Duckworth},
  year      = {2005},
  editor    = {Hurst, Henry and Owen, Sara},
  pages     = {5--22},
  address   = {London},
}

@Book{Oppermann2006,
  title     = {{Der Thrakische Reiter: Des Ostbalkanraumes im Spannungsfeld von Graecitas, Romanitas und Lokalen Traditionen}},
  publisher = {Beier {\&} Beran},
  year      = {2006},
  author    = {Oppermann, Manfred},
  address   = {Langenweissbach},
}

@Book{Ognenova-Marinova2005,
  title     = {{Nessebre III}},
  publisher = {Spring Ltd.},
  year      = {2005},
  author    = {Ognenova-Marinova, Ljuba and Reho, Maria and Cimbuleva, Jana and Sasselov, Dimitar and Velkov, Velizar and Karayotov, Ivan},
  address   = {Burgas},
}

@Article{Ognenova-Marinova1980,
  author  = {Ognenova-Marinova, Ljuba},
  title   = {{Quis autem erat Epimenes?}},
  journal = {Klio},
  year    = {1980},
  volume  = {62},
  pages   = {47--49},
}

@Book{Oakley2004,
  title     = {{Picturing Death in Classical Athens}},
  publisher = {Cambridge University Press},
  year      = {2004},
  author    = {Oakley, John H.},
  address   = {New York},
}

@InCollection{OShea1996,
  author    = {O'Shea, John M. and Barker, Alex W.},
  title     = {{Measuring Social Complexity and Variation: A Categorical Imperative?}},
  booktitle = {Emergent Complexity: The Evolution of Intermediate Societies},
  publisher = {International Monographs in Prehistory},
  year      = {1996},
  editor    = {Arnold, Jeanne E},
  pages     = {13--24},
  address   = {Ann Arbor},
}

@Article{Nekhrizov2013,
  author  = {Nekhrizov, Georgi and Parvin, Meglena and Kecheva, Nadezhda},
  title   = {{Prouchvane na andgrobni mogili ot nekropola pri selata Yasenovo i Golyamo Dryanovo, obshtina Kazanlak}},
  journal = {Problemi i izsledvaniya na Trakiiskata kultura},
  year    = {2013},
  volume  = {VI},
  pages   = {17--41},
}

@InCollection{Nekhrizov2015,
  author    = {Nekhrizov, Georgi},
  title     = {{Dolmens and Rock-Cut Monuments}},
  booktitle = {A Companion to Ancient Thrace},
  publisher = {Wiley-Blackwell},
  year      = {2015},
  editor    = {Valeva, Julia and Nankov, Emil and Graninger, Denver},
  pages     = {126--143},
  address   = {Malden, Oxford, Chichester},
}

@Article{Nankov2007a,
  author  = {Nankov, Emil},
  title   = {{An Ivory Scabbard Chape from Seuthopolis Rediscovered: Evidence for a Xiphos from Early Hellenistic Thrace?}},
  journal = {Archaeologia Bulgarica},
  year    = {2007},
  volume  = {11},
  number  = {1},
  pages   = {37--46},
  isbn    = {9788578110796},
}

@InCollection{Nankov2009,
  author    = {Nankov, Emil},
  title     = {{The Circulation of Bronze Macedonian Royal Coins in Seuthopolis: A Reappraisal}},
  booktitle = {SOMA 2007: Proceedings of the XI Symposium on Mediterranean Archaeology, Istanbul Technical University, 24-29 April 2007},
  publisher = {Archaeopress},
  year      = {2009},
  editor    = {Aygun, Cigdem Ozkan},
  pages     = {270--276},
  address   = {Oxford},
}

@Article{Nankov2015b,
  author  = {Nankov, Emil},
  title   = {{The Mobility of Macedonian Army in Thrace during the Reign of Philip II and the Inscribed Lead Sling Bullets from Kozi Gramadi}},
  journal = {Bulgarian e-Journal of Archaeology},
  year    = {2015},
  volume  = {5},
  pages   = {1--13},
}

@Article{Nankov2007,
  author  = {Nankov, Emil},
  title   = {{Toward the Thracian Religion in the Early Hellenistic Period: A Terracotta Figurine of Kybele from Seuthopolis Reconsidered}},
  journal = {Archaeologia Bulgaricaa Bulgarica},
  year    = {2007},
  volume  = {11},
  number  = {3},
  pages   = {47--67},
}

@InCollection{Nankov2012,
  author    = {Nankov, Emil},
  title     = {{Beyond Hellenization: Reconsidering Greek Literacy in the Thracian City of Seuthopolis}},
  booktitle = {Vasilka Gerasimova Tomova in memoriam},
  publisher = {NAIM},
  year      = {2012},
  editor    = {Manov, Metodi},
  pages     = {107--124},
  address   = {Sofia},
}

@Article{Nankov2008,
  author  = {Nankov, Emil},
  title   = {{The Fortifications of the Early Hellenistic Thracian City of Seuthopolis: Breaking the Mold}},
  journal = {Archaeologia Bulgaricaa Bulgarica},
  year    = {2008},
  volume  = {12},
  number  = {3},
  pages   = {15--56},
}

@Article{Nankov2015a,
  author  = {Nankov, Emil},
  title   = {{In Search of a Founder and the Early Years of Heraclea Sintica}},
  journal = {Papers of the American Research Centre in Sofia},
  year    = {2015},
  volume  = {2},
  pages   = {7--35},
}

@InCollection{Nankov2015c,
  author    = {Nankov, Emil},
  title     = {{Urbanization}},
  booktitle = {A Companion to Ancient Thrace},
  publisher = {Wiley-Blackwell},
  year      = {2015},
  editor    = {Valeva, Julia and Nankov, Emil and Graninger, Denver},
  pages     = {399--411},
  address   = {Malden, Oxford, Chichester},
}

@InCollection{MorpurgoDavies2002,
  author    = {{Morpurgo Davies}, Anna},
  title     = {{The Greek Notion of Dialect}},
  booktitle = {Greeks and Barbarians},
  publisher = {Edinburgh University Press},
  year      = {2002},
  editor    = {Harrison, Thomas},
  pages     = {153--171},
  address   = {Edinburgh},
}

@InCollection{MorpurgoDavies2000,
  author    = {{Morpurgo Davies}, Anna},
  title     = {{Greek Personal Names and Linguistic Continuity}},
  booktitle = {Greek Personal Names: Their Value as Evidence},
  publisher = {Oxford University Press},
  year      = {2000},
  editor    = {Hownblower, Simon and Matthews, Elaine},
  pages     = {15--40},
  address   = {Oxford},
}

@Book{Morgan2003,
  title     = {{Early Greek States Beyond the Polis}},
  publisher = {Routlegde},
  year      = {2003},
  author    = {Morgan, Catherine},
  address   = {London, New York},
}

@InCollection{Morgan2001,
  author    = {Morgan, Catherine},
  title     = {{Ethne, Ethnicity, and Early Greek States, ca. 1200-480 BC}},
  booktitle = {Ancient Perceptions of Greek Ethnicity},
  publisher = {Harvard University Press},
  year      = {2001},
  editor    = {Malkin, Irad},
  pages     = {75--112},
  address   = {Cambridge (MA); London},
}

@Book{Minkova2000,
  title     = {{The Personal Names of the Latin Inscriptions in Bulgaria}},
  publisher = {Peter Lang},
  year      = {2000},
  author    = {Minkova, Milena},
  address   = {Frankfurt am Main},
}

@Book{Millett1990,
  title     = {{The Romanization of Britain: An Essay in Archaeological Interpretation}},
  publisher = {Cambridge University Press},
  year      = {1990},
  author    = {Millett, Martin},
  address   = {Cambridge},
}

@InCollection{Mihajlovic2014,
  author    = {Mihajlovi{\'{c}}, Vladimir D. and Jankovi{\'{c}}, Marko A.},
  title     = {{Foreword: Edges of the "Roman world", imperialism and identities}},
  booktitle = {The Edges of the Roman World},
  publisher = {Cambridge Scholars Publishing},
  year      = {2014},
  pages     = {x--xix},
  address   = {Newcastle upon Tyne},
}

@Book{Mihailov1956a,
  title     = {{Inscriptiones graecae in Bulgaria Repertae, I: Inscriptiones Orae Ponti Euxini}},
  publisher = {Academiae Litterarum Bulgaricae},
  year      = {1956},
  author    = {Mihailov, Georgius},
  address   = {Sofia},
}

@Article{Mihailov1987a,
  author    = {Mihailov, Georgi and Velkov, Velizar},
  title     = {{L'Epigraphie en Bulgarie}},
  journal   = {Acta Centri Historiae Terra Antiqua Balcanica},
  year      = {1987},
  volume    = {2},
  pages     = {201--332},
  address   = {Sofia},
  publisher = {Trinovi},
}

@InProceedings{Mihailov1977,
  author    = {Mihailov, Georgi},
  title     = {{Les noms thraces dans les inscriptions des pays thraces}},
  booktitle = {L'onomastique latine. Actes du colloque du Paris, 13-15 octobre 1975},
  year      = {1977},
  editor    = {Pflaum, Hans Georg and Duval, Noel},
  volume    = {564},
  pages     = {341--352},
  address   = {Paris},
  publisher = {C.N.R.S.},
}

@Article{Mihailov1983,
  author  = {Mihailov, Georgi},
  title   = {{Les inscriptions comme source de l'histoire des {\'{e}}tats thraces}},
  journal = {Pulpudeva},
  year    = {1983},
  volume  = {4},
  pages   = {21--27},
}

@Book{Mihailov2007,
  title     = {{Scripta Minora: {\'{E}}pigraphie, onomastique et culture thraces}},
  publisher = {{\{}{\'{E}}{\}}ditions NBU},
  year      = {2007},
  author    = {Mihailov, Georgi},
  editor    = {Dimitrov, P},
  address   = {Sofia},
}

@Article{Meyer1990,
  author  = {Meyer, Elizabeth A},
  title   = {{Explaining the Epigraphic Habit in the Roman Empire: The Evidence of Epitaphs}},
  journal = {The Journal of Roman Studies},
  year    = {1990},
  volume  = {80},
  pages   = {74--96},
}

@Book{Meskell2004,
  title     = {{Companion to Social Archaeology}},
  publisher = {Wiley-Blackwell},
  year      = {2004},
  author    = {Meskell, Lynn and Preucel, Robert W},
  address   = {Malden, Oxford, Carlton},
}

@Book{Meritt1950,
  title     = {{The Athenian Tribute Lists}},
  publisher = {The Americal School of Classical Studies at Athens},
  year      = {1950},
  author    = {Meritt, Benjamin Dean and Wade-Gery, H. T. and McGregor, Malcolm Francis},
  address   = {Princeton, New Jersey},
}

@Book{Meiggs1972,
  title     = {{The Athenian Empire}},
  publisher = {Clarendon Press},
  year      = {1972},
  author    = {Meiggs, R},
  series    = {Oxford University Press Academic Monograph Reprints Series},
  address   = {Oxford},
}

@Article{McNutt1024,
  author  = {McNutt, Marcia and Lehnert, Kerstin and Hanson, Brooks and Nosek, Brian A and Ellison, Aaron M and King, John Leslie},
  title   = {{Liberating field science samples and data}},
  journal = {Science},
  year    = {2016},
  volume  = {351},
  number  = {6277},
  pages   = {1024--1026},
}

@Book{McLean2002,
  title     = {{An Introduction to Greek Epigraphy of the Hellenistic and Roman Periods from Alexander the Great down to the Reign of Constantine (323 B.C.-A.D. 337)}},
  publisher = {The University of Michigan Press},
  year      = {2002},
  author    = {McLean, B. H.},
  address   = {Ann Arbor},
}

@Book{May1966,
  title     = {{The Coinage of Abdera (540-345 BC)}},
  publisher = {Royal Numismatic Society},
  year      = {1966},
  author    = {May, J. M. F.},
  address   = {London},
}

@Book{Mauss1966,
  title     = {{The Gift: Forms and Functions of Exchange in Archaic Societies (transl. Ian Cunnison)}},
  publisher = {Cohen and West},
  year      = {1966},
  author    = {Mauss, Marcel},
  address   = {London},
}

@InCollection{Mattingly2010,
  author    = {Mattingly, David J.},
  title     = {{Cultural Crossover: Global and Local Identities in the Classical World}},
  booktitle = {Material Culture and Social Identities in the Ancient World},
  publisher = {Cambridge University Press},
  year      = {2010},
  editor    = {Hales, Shelley and Hodos, Tamar},
  pages     = {283--296},
  address   = {Cambridge},
}

@InCollection{Mattingly1997a,
  author    = {Mattingly, David J.},
  title     = {{Introduction: Dialogues of power and experience in the Roman Empire}},
  booktitle = {Dialogues in Roman Imperialism: Power, Discourse, and Discrepant Experience in the Roman Empire},
  publisher = {British Academy},
  year      = {1997},
  editor    = {Mattingly, D. J.},
  pages     = {7--24},
  address   = {Portsmouth, Rhode Island},
}

@Book{Mason1974,
  title     = {{Greek Terms for Roman Institutions}},
  publisher = {Hakkert},
  year      = {1974},
  author    = {Mason, Hugh J.},
  address   = {Toronto},
}

@Article{Marwick2017-bz,
  author  = {Marwick, Ben},
  title   = {{Computational Reproducibility in Archaeological Research: Basic Principles and a Case Study of Their Implementation}},
  journal = {Journal of Archaeological Method and Theory},
  year    = {2017},
  volume  = {24},
  number  = {2},
  pages   = {424--450},
}

@InCollection{Manov2002,
  author    = {Manov, Metodi},
  title     = {{Who Was Rhaskouporis, Killed in 11 B.C.}},
  booktitle = {Thrace and the Aegean: Eigth International Congress of Thracology. Sofia - Yambol, 25-29 Spetember 2000},
  publisher = {International Foundation Europa Antiqua - Sofia; Institute of Thracology, Bulgarian Academy of Sciences},
  year      = {2002},
  editor    = {Fol, Alexander},
  pages     = {627--631},
  address   = {Sofia},
}

@Article{Manov2009,
  author  = {Manov, Metodi},
  title   = {{Hellenistic Inscription on a Gold Appliqu{\'{e}} from Sinemorets}},
  journal = {Archeologia Bulgarica},
  year    = {2009},
  volume  = {13},
  number  = {2},
  pages   = {27--30},
}

@Article{Manov2006,
  author  = {Manov, Metodi},
  title   = {{Die Inschriften auf den Silbergef{\"{a}}ssen und dem Bronzehlem von Seuthes III. aus dem Grabh{\"{u}}gel Goljama Kosmatka}},
  journal = {Archaeologica Bulgarica},
  year    = {2006},
  volume  = {10},
  number  = {3},
  pages   = {27--34},
}

@Book{Malkin2009,
  title     = {{Greek and Roman Networks in the Mediterranean}},
  publisher = {Routledge},
  year      = {2009},
  author    = {Malkin, Irad and Constantakopoulou, Christy and Panagopoulou, Katerina},
  address   = {London, New York},
  chapter   = {322},
}

@Book{Malkin2011,
  title     = {{A Small Greek World: Networks in the Ancient Mediterranean}},
  publisher = {Oxford University Press},
  year      = {2011},
  author    = {Malkin, Irad},
  address   = {Oxford, New York},
}

@Article{Malkin2014,
  author  = {Malkin, Irad},
  title   = {{Between Collective and Ethnic Identities: a conclusion}},
  journal = {Identit{\'{e}} ethnique et culture mat{\'{e}}rielle dans le monde grec. Actes de la table ronde organis{\'{e}}e {\`{a}} Paris (INHA) les 10 et 11 d{\'{e}}cembre 2010. (Dialogues d'histoire ancienne. Suppl{\'{e}}ment, 10)},
  year    = {2014},
  volume  = {Supplement},
  pages   = {283--292},
}

@Article{Malkin2004,
  author  = {Malkin, Irad},
  title   = {{Postcolonial Concepts and Ancient Greek Colonization}},
  journal = {Modern Language Quarterly},
  year    = {2004},
  volume  = {65},
  number  = {3},
  pages   = {341--364},
}

@Book{Malkin2001,
  title     = {{Ancient Perceptions of Greek Ethnicity}},
  publisher = {Center for Hellenic Studies Trustees for Harvard University},
  year      = {2001},
  author    = {Malkin, Irad},
  address   = {Washington D.C.},
}

@Book{Malkin1987,
  title     = {{Religion and Colonization in Ancient Greece}},
  publisher = {Brill},
  year      = {1987},
  author    = {Malkin, Irad},
  address   = {Leiden},
}

@Article{Malkin1998,
  author  = {Malkin, Irad},
  title   = {{The Middle Ground: Philoktetes in Italy}},
  journal = {Kernos},
  year    = {1998},
  volume  = {11},
  pages   = {131--141},
}

@InCollection{Malkin2005,
  author    = {Malkin, Irad},
  title     = {{Networks and the Emergence of Greek Identity}},
  booktitle = {Mediterranean Paradigms and Classical Antiquity},
  publisher = {Routledge},
  year      = {2005},
  editor    = {Malkin, Irad},
  pages     = {56--74},
  address   = {Abingdon, New York},
}

@Book{Madzharov2009,
  title     = {{Rimski patishta v Balgaria: prinos v razvitieto na rimskata patna sistema v provintsiite Mizia i Trakia}},
  publisher = {Faber Publisher},
  year      = {2009},
  author    = {Madzharov, Mitko},
  address   = {Veliko Turnovo},
}

@Article{MacMullen1982,
  author  = {MacMullen, Ramsay},
  title   = {{The Epigraphic Habit in the Roman Empire}},
  journal = {The American Journal of Philology},
  year    = {1982},
  volume  = {103},
  number  = {3},
  pages   = {233--246},
}

@InCollection{Mackil2014,
  author    = {Mackil, Emily},
  title     = {{Ethnos and Koinon}},
  booktitle = {A Companion to Ethnicity in the Ancient Mediterranean},
  publisher = {Wiley-Blackwell},
  year      = {2014},
  editor    = {McInerney, Jeremy},
  pages     = {270--284},
  address   = {Malden, Oxford, Chichester},
}

@InCollection{Lozanov2015,
  author    = {Lozanov, Ivaylo},
  title     = {{Roman Thrace}},
  booktitle = {A Companion to Ancient Thrace},
  publisher = {Wiley-Blackwell},
  year      = {2015},
  editor    = {Valeva, Julia and Nankov, Emil and Graninger, Denver},
  pages     = {75--90},
  address   = {Malden, Oxford, Chichester},
}

@InCollection{Lozanov2006,
  author    = {Lozanov, Ivaylo},
  title     = {{Kabile prez kasnoelinisticheskata i rimskata epocha: problemi na selishtnoto razvitie - 2 v. pr. Ch. - 4 v. sl. Ch.}},
  booktitle = {IV mezhdunaroden simpozium Poselishten zhivot v Trakia, 9-11 Novembri 2005, Yambol, Kabile},
  publisher = {Ya},
  year      = {2006},
  editor    = {Iliev, Ilia},
  pages     = {145--176},
  address   = {Yambol},
}

@InCollection{Loukopoulou2004a,
  author    = {Loukopoulou, Louisa and Lajtar, Adam},
  title     = {{Propontic Thrace}},
  booktitle = {An Inventory of Archaic and Classical Poleis},
  publisher = {Oxford University Press},
  year      = {2004},
  editor    = {Hansen, Mogens Herman and Nielsen, Thomas Heine},
  pages     = {912--923},
  address   = {Oxford, New York},
}

@InCollection{Loukopoulou2004,
  author    = {Loukopoulou, Louisa},
  title     = {{Thrace from Nestos to Hebros}},
  booktitle = {An Inventory of Archaic and Classical Poleis},
  publisher = {Oxford University Press},
  year      = {2004},
  editor    = {Hansen, Mogens Herman and Nielsen, Thomas Heine},
  pages     = {870--884},
  address   = {Oxford},
}

@Article{Loukopoulu1989,
  author  = {Loukopoulou, Louisa},
  title   = {{Athen, Colons et indig{\`{e}}nes dans la Thrace Propontique}},
  journal = {Klio},
  year    = {1989},
  volume  = {1},
  number  = {71},
  pages   = {78--83},
}

@InProceedings{Loukopoulou2005,
  author    = {Loukopoulou, Louisa},
  title     = {{Addendum on the Inscription of Vetren: Custom duties of the Odrysians}},
  booktitle = {International Symposium in Memory of Prof. Mieczyslaw Domaradzki},
  year      = {2005},
  editor    = {Bouzek, Jan; and Domaradzka, Lidia},
  volume    = {1350},
  pages     = {13--18},
  address   = {Oxford},
  publisher = {BAR International Series},
}

@Book{Loukopoulou1989,
  title     = {{Contribution a l'histoire de la Thrace Propontique durant la periode archaique}},
  publisher = {Diffusion de Boccard},
  year      = {1989},
  author    = {Loukopoulou, Louisa},
  address   = {Athens},
}

@InCollection{Loukopoulou2008,
  author    = {Loukopoulou, Louisa},
  title     = {{Les inscriptions des tr{\'{e}}sors nord-balkaniques}},
  booktitle = {Thrakika Zetemata I},
  publisher = {Diffusion de Boccard},
  year      = {2008},
  editor    = {Loukopoulou, Louisa D and Psoma, Selene},
  pages     = {139--167},
  address   = {Athens},
}

@Article{Liebmann2013,
  author  = {Liebmann, Matthew},
  title   = {{Parsing Hybridity: Archaeologies of amalgamation in seventeenth-century New Mexico}},
  journal = {The Archaeology of Hybrid Material Culture},
  year    = {2013},
  number  = {39},
  pages   = {25--49},
}

@Book{Liddell1996,
  title     = {{A Greek-English Lexicon}},
  publisher = {Clarendon Press},
  year      = {1996},
  author    = {Liddell, Henry George and Scott, Robert and Jones, Henry Stuart and McKenzie, Roderick},
  address   = {Oxford},
}

@Article{Lavelle1992,
  author  = {Lavelle, B. M.},
  title   = {{The Pisistratids and the Mines of Thrace}},
  journal = {Greek, Roman and Byzantine Studies},
  year    = {1992},
  volume  = {33},
  number  = {1},
  pages   = {5--23},
}

@InCollection{Langslow2002,
  author    = {Langslow, D. R.},
  title     = {{Approaching Bilingualism in Corpus Languages}},
  booktitle = {Bilingualism in Ancient Society},
  publisher = {Oxford University Press},
  year      = {2002},
  editor    = {Adams, J. N. and Janse, Mark and Swain, Simon},
  pages     = {23--51},
  address   = {Oxford, New York},
}

@Book{Kurtz1971,
  title     = {{Greek Burial Customs}},
  publisher = {Cornell University Press},
  year      = {1971},
  author    = {Kurtz, Donna C. and Boardman, John},
  address   = {New York},
}

@InCollection{Kostoglou2010,
  author    = {Kostoglou, Maria},
  title     = {{Iron, Connectivity and Local Identities in the Iron Age to Classical Mediterranean}},
  booktitle = {Material Connections in the Ancient Mediterranean},
  publisher = {Routledge},
  year      = {2010},
  editor    = {van Dommelen, Peter and Knapp, A. Bernard},
  pages     = {170--189},
  address   = {London, New York},
}

@InCollection{Korhonen2011,
  author    = {Korhonen, Kalle},
  title     = {{Language and Identity in the Roman Colonies of Sicily}},
  booktitle = {Roman Colonies in the First Century of their Foundation},
  publisher = {Oxbow Books},
  year      = {2011},
  editor    = {Sweetman, Rebecca J},
  pages     = {7--31},
  address   = {Oxford},
  isbn      = {9781842179741},
}

@Article{Kitov1995a,
  author  = {Kitov, Georgi and Theodossiev, Nikola},
  title   = {{New data on Thracian archaeology and religion from the tumuli near the villages of Shipka and Sheinovo in the Kazanlak region}},
  journal = {Thracia},
  year    = {1995},
  volume  = {11},
  pages   = {317--336},
}

@Article{Kitov,
  author  = {Kitov, Georgi and Krasteva, Marlena},
  title   = {{A 4th century BC Thracian Royal Tomb from the Kazanluk Region, Southern Bulgaria}},
  journal = {Talanta},
  year    = {1993},
  volume  = {24-25},
  pages   = {59--75},
}

@Article{Kitov2008,
  author  = {Kitov, Georgi and Dimitrov, Peter},
  title   = {{A 4th century BC Thracian Golden Signet-ring from the Dalakova Mogila Tumulus (SE Bulgaria)}},
  journal = {Archaeologia Bulgarica},
  year    = {2008},
  volume  = {7},
  number  = {2},
  pages   = {25--32},
}

@Article{Kitov2005,
  author  = {Kitov, Georgi},
  title   = {{The Newly Discovered Tombs of the Thracian Ruler Seuthes III}},
  journal = {Archaeologia Bulgarica},
  year    = {2005},
  volume  = {9},
  number  = {2},
  pages   = {39--54},
}

@Article{Kitov2001,
  author  = {Kitov, Georgi},
  title   = {{A Newly Found Thracian Tomb with Frescoes}},
  journal = {Archaeologia Bulgarica},
  year    = {2001},
  volume  = {5},
  number  = {2},
  pages   = {15--29},
}

@Article{Kitov1999,
  author  = {Kitov, Georgi},
  title   = {{Royal Insignia, Tombs and Temples in the valley of the Thracian Rulers}},
  journal = {Archaeologia Bulgarica},
  year    = {1999},
  volume  = {3},
  number  = {1},
  pages   = {1--20},
}

@Article{Kitov2004,
  author  = {Kitov, Georgi},
  title   = {{Novi nabludenia v Alexadrovskata grobnitsa}},
  journal = {Arkheologia},
  year    = {2004},
  volume  = {1-2},
  pages   = {42--51},
}

@InCollection{Kitov1994,
  author    = {Kitov, Georgi},
  title     = {{Trakiiski mogili v hinterlanda na Sevtopolis}},
  booktitle = {Poselishten zhivot v drevna Trakiia, III Mezhdunaroden simpozium, Kabile, 17-21 May, Yambol},
  publisher = {Istoricheski Muzei Yambol},
  year      = {1994},
  editor    = {Draganov, Dimitar},
  pages     = {85--91},
  address   = {Yambol},
}

@Article{Kitov1995,
  author  = {Kitov, Georgi},
  title   = {{Les tumuli royaux dans 'La vall{\'{e}}e des rois'}},
  journal = {Orpheus},
  year    = {1995},
  volume  = {5},
  pages   = {5--21},
}

@Book{Kazarow1938,
  title     = {{Die Denkm{\"{a}}ler des thrakischen Reitergottes in Bulgarien}},
  publisher = {Institut für Münzkunde und Archäologie der P. Pázmány-Universität},
  year      = {1938},
  author    = {Kazarow, Gawril I},
  address   = {Budapest},
}

@Book{Kallet2002,
  title     = {{Money and the Corrosion of Power in Thucydides: The Sicilian Expedition and Its Aftermath}},
  publisher = {University of California Press},
  year      = {2002},
  author    = {Kallet, Lisa},
  address   = {Berkeley, Los Angeles, London},
}

@InCollection{Jourdan2015,
  author    = {Jourdan, Christine},
  title     = {{Creolization: Sociocultural Aspects}},
  booktitle = {International Encyclopedia of the Social and Behavioral Sciences},
  publisher = {Elsevier},
  year      = {2015},
  editor    = {Wright, James},
  volume    = {5},
  number    = {1},
  pages     = {117--121},
  address   = {Amsterdam, Boston, Heidelberg, London, New York, Oxford, Paris, San Diego, San Francisco, Singapore, Sydney, Tokyo},
}

@Book{Jones1997,
  title     = {{The Archaeology of Ethnicity: Constructing Identities in the Past and Present}},
  publisher = {Routledge},
  year      = {1997},
  author    = {Jones, Sian},
  address   = {London, New York},
}

@Book{Jones1971,
  title     = {{The Cities of the Eastern Roman Provinces}},
  publisher = {Clarendon Press},
  year      = {1971},
  author    = {Jones, A. H. M.},
  address   = {Oxford},
}

@Book{Johnson1973,
  title     = {{Local Exchange and Early State Development in Southwestern Iran}},
  publisher = {Museum of Anthropology, University of Michigan},
  year      = {1973},
  author    = {Johnson, Gregory Alan},
  address   = {Ann Arbor},
}

@Book{Jirecek1911,
  title     = {{Geschichte der Serben}},
  publisher = {Friedrich Adreas Perthes},
  year      = {1911},
  author    = {Jire{\v{c}}ek, Constantin},
  address   = {Gotha},
}

@Book{Jirecek1877,
  title     = {{Die Heerstrasse von Belgrad nach Constantinopel}},
  publisher = {F. Tempsky},
  year      = {1877},
  author    = {Jire{\v{c}}ek, Constantin},
  address   = {Prague},
}

@Book{Jenkins2008,
  title     = {{Social Identity}},
  publisher = {Routledge},
  year      = {2008},
  author    = {Jenkins, Richard},
  address   = {London, New York},
  edition   = {3rd},
  pages     = {246},
}

@Article{Jarrett1969,
  author  = {Jarrett, M. G.},
  title   = {{Thracian Units in the Roman Army}},
  journal = {Israel Exploration Journal},
  year    = {1969},
  volume  = {19},
  number  = {4},
  pages   = {215--224},
}

@InCollection{Janouchova2015,
  author    = {Janouchov{\'{a}}, Petra and Weissov{\'{a}}, Barbora},
  title     = {{The Use of Writing in the Funerary Context in Classical and Hellenistic Thrace}},
  booktitle = {Symposium on Mediterranean Archaeology, 12 - 14 November 2015, Kemer-Antalya, Turkey},
  publisher = {[s.n.]},
  year      = {2015},
  editor    = {[nepublikov{\'{a}}no]},
  pages     = {[nepublikov{\'{a}}no]},
  address   = {[s.n.]},
}

@InCollection{Janouchova2017a,
  author    = {Janouchov{\'{a}}, Petra},
  title     = {{Thracians, Greeks or Romans? The inhabitants of ancient Thrace and their identity based on funerary inscriptions}},
  booktitle = {Reflections of Roman Imperialism},
  publisher = {Cambridge Scholars Publishing},
  year      = {2017},
  editor    = {Jankovi{\'{c}}, Marko A. and Mihailovi{\v{c}}, Vladimir},
  pages     = {[v tisku]},
  address   = {Newcastle upon Tyne},
}

@Article{Janouchova2013a,
  author  = {Janouchov{\'{a}}, Petra},
  title   = {{The Cult of Bendis in Athens and Thrace}},
  journal = {Graeco-Latina Brunensia},
  year    = {2013},
  volume  = {18},
  number  = {1},
  pages   = {95--106},
}

@Article{Janouchova2014,
  author  = {Janouchov{\'{a}}, Petra},
  title   = {{Database of Greek inscriptions 'Hellenisation of Ancient Thrace': a final report on investigations during 2013-2014}},
  journal = {Studia Hercynia},
  year    = {2014},
  volume  = {18},
  number  = {1-2},
  pages   = {67--74},
}

@Article{Janouchova2016,
  author  = {Janouchov{\'{a}}, Petra},
  title   = {{The Ancestral Apollo Cult in Ancient Thrace: A Result of Internal Colonisation ?}},
  journal = {Ancient West {\&} East},
  year    = {2016},
  volume  = {15},
  pages   = {83--101},
}

@InCollection{Janouchova2017b,
  author    = {Janouchov{\'{a}}, Petra},
  title     = {{The Epigraphic Evidence from Kazanlak and Yambol, c. 500 BC - AD 300}},
  booktitle = {Tundzha Regional Archaeological Project, Surface Survey, Palaeoecology, and related Studies (2009-2011): Final Report},
  publisher = {Oxbow books},
  year      = {2017},
  editor    = {Ross, Shawn A and Sobotkova, Adela and Tzvetkova, Julia and Nekhrizov, Georgi and Connor, Simon},
  pages     = {[429----452]},
  address   = {Oxford},
}

@Article{Janouchova2013,
  author  = {Janouchov{\'{a}}, Petra},
  title   = {{Thr{\'{a}}ck{\'{e}} Nymfy a řeck{\'{e}} n{\'{a}}pisy: mo{\v{z}}n{\'{e}} vyu{\v{z}}it{\'{i}} GIS v epigrafice}},
  journal = {Auriga},
  year    = {2013},
  volume  = {55},
  number  = {2},
  pages   = {5--26},
}

@Book{Ivanov2012,
  title     = {{Roman Cities in Bulgaria}},
  publisher = {Marin Drinov},
  year      = {2012},
  author    = {Ivanov, Rumen},
  address   = {Sofia},
}

@Article{Ivanov2008,
  author  = {Ivanov, Mario},
  title   = {{Social Status and Cultural Identity in Roman Thrace: (Grave Stelai and Altars)}},
  journal = {Ancient West {\&} East},
  year    = {2008},
  volume  = {7},
  pages   = {135--150},
}

@Book{Isaac1986a,
  title     = {{The Greek Settlements in Thrace until the Macedonian Conquest}},
  publisher = {Brill},
  year      = {1986},
  author    = {Isaac, Benjamin},
  address   = {Leiden},
}

@InProceedings{Ilieva2007a,
  author    = {Ilieva, Petya},
  title     = {{Thracian Greek $\sigma$$\upsilon$$\mu$$\beta$ί$\omega$$\sigma$$\iota$ς on the Shore of the Aegean}},
  booktitle = {Thrace in the Graeco-Roman World: Proceedings of the 10th International Congress of Thracology Komotini-Alexandroupolis 18-23 October 2005},
  year      = {2007},
  editor    = {Iakovidou, Athena},
  pages     = {213--229},
  address   = {Athens},
  publisher = {National Hellenic Research Foundation},
}

@Article{Ilieva2011a,
  author  = {Ilieva, Petya},
  title   = {{The 'Warlike' Thracians and the Greeks: The Politics of the Written Logos versus the 'Silent Discourse of Things' as Evidence for Mixed Habitation in Aegean Thrace}},
  journal = {Seminarium Thracicum},
  year    = {2011},
  volume  = {7},
  pages   = {25--47},
}

@Book{Iliev2012,
  title     = {{The Tundzha Regional Archaeological Project: Elhovo Survey}},
  publisher = {Izdatelstvo Ya},
  year      = {2012},
  author    = {Iliev, Ilia and Ross, Shawn and Sobotkova, Adela and Bakardzhiev, Stefan and Connor, Simon},
  address   = {Yambol},
}

@Book{Horsley1999,
  title     = {{Homer in Pisidia: Degrees of literateness in a backwoods province of the Roman Empire}},
  publisher = {University of New England, NSW},
  year      = {1999},
  author    = {Horsley, G. H. R.},
  address   = {Armidale},
}

@InCollection{Hornblower2000,
  author    = {Hornblower, Simon},
  title     = {{Personal Names and the Study of the Ancient Greek Historians}},
  booktitle = {Greek Personal Names: Their Value as Evidence},
  publisher = {Oxford University Press},
  year      = {2000},
  editor    = {Hornblower, Simon and Matthews, Elaine},
  pages     = {129--144},
  address   = {Oxford, New York},
}

@Article{Hollenstein1975,
  author  = {Hollenstein, Lorenz},
  title   = {{Zu den Meilensteinen der r{\{}{\"{o}}{\}}mischen Provinzen Thracia und Moesia Inferior}},
  journal = {Studia Balcanica},
  year    = {1975},
  volume  = {10},
  pages   = {23--44},
}

@Book{Hodos2006,
  title     = {{Local Responses to Colonization in the Iron Age Mediterranean}},
  publisher = {Routledge},
  year      = {2006},
  author    = {Hodos, Tamar},
  address   = {London, New York},
}

@InCollection{Hingley1997,
  author    = {Hingley, R.},
  title     = {{Resistance and domination in Roman Britain}},
  booktitle = {Dialogues in Roman Imperialism: Power, Discourse, and Discrepant Experience in the Roman Empire},
  publisher = {British Academy},
  year      = {1997},
  editor    = {Mattingly, D. J.},
  pages     = {81--100},
  address   = {Portsmouth, Rhode Island},
}

@Book{Herodotos2004,
  title     = {{D{\v{e}}jiny [přelo{\v{z}}il Jaroslav {\v{S}}onka]}},
  publisher = {Academia},
  year      = {2004},
  author    = {H{\'{e}}rodotos},
  address   = {Praha},
  edition   = {3. vyd.},
}

@Article{Hernandez2003,
  author  = {Hern{\'{a}}ndez, Armando Anaya and Guenter, Stanley P and Zender, Marc U},
  title   = {{Sak Tz'i', a Classic Maya Center: A Locational Model Based on GIS and Epigraphy}},
  journal = {Society for American Archaeology},
  year    = {2003},
  volume  = {14},
  number  = {2},
  pages   = {179--191},
}

@Book{Hermary2010,
  title     = {{Apollonia du Punt (Sozopol): La n{\'{e}}cropole de Kalfata (V-III s. av. J.-C.)}},
  publisher = {Centre Camille Jullian},
  year      = {2010},
  author    = {Hermary, Antoine and Panayotova, Krystina and Baralis, Alexandre and Damyanov, Margarit and Riapov, Atila},
  address   = {Aix-en-Provence},
  isbn      = {9782877724241},
}

@InCollection{Heller2015,
  author    = {Heller, Anna},
  title     = {{Membership of the boule in the Inscriptions of Asia Minor: A Mark of Elevated Status}},
  booktitle = {Social Status and Prestige in the Graeco-Roman World},
  publisher = {Franz Steiner Verlag},
  year      = {2015},
  editor    = {Kuhn, Annika B.},
  pages     = {247--267},
  address   = {Stuttgart},
}

@Article{Haynes2011,
  author  = {Haynes, Ian P.},
  title   = {{Early Roman Thrace: New Evidence from Bulgaria}},
  journal = {Journal of Roman Archaeology, Supplement},
  year    = {2011},
  volume  = {82},
  address = {Portsmouth, Rhode Island},
  edition = {JRA Supple},
}

@Book{Hartog1988,
  title     = {{The Mirror of Herodotus: the representation of the other in the writing of history, transl. Janet Lloyd [1980]}},
  publisher = {University of California Press},
  year      = {1988},
  author    = {Hartog, Fran{\c{c}}ois},
  address   = {Berkeley, Los Angeles, London},
  booktitle = {New historicism},
}

@Book{Harrison2002,
  title     = {{Greeks And Barbarians}},
  publisher = {Edinburgh University Press},
  year      = {2002},
  author    = {Harrison, Thomas},
  address   = {Edinburgh},
  isbn      = {9780748612703},
}

@Article{Harding2013a,
  author  = {Harding, Anthony},
  title   = {{World Systems, Cores, and Peripheries in Prehistoric Europe}},
  journal = {European Journal of Archaeology},
  year    = {2013},
  volume  = {16},
  number  = {3},
  pages   = {378--400},
}

@Book{Hansen2004,
  title     = {{An Inventory of Archaic and Classical Poleis}},
  publisher = {Oxford University Press},
  year      = {2004},
  author    = {Hansen, Mogens Herman and Nielsen, Thomas Heine},
  address   = {Oxford, New York},
}

@Article{Httnsen,
  author  = {Hansen, Mogens Herman},
  title   = {{What is a document? An Ill-Defined Type of Source}},
  journal = {Classica et Medievalia},
  year    = {2001},
  volume  = {52},
  pages   = {317--343},
}

@InCollection{Handzhiyska2010,
  author    = {Handzhiyska, Veneta and Lozanov, Ivaylo},
  title     = {{Kabile prez elinistecheskata epocha (po danni ot poslednite archeologicheski prouchvania)}},
  booktitle = {Yugoiztochna Bulgaria prez 2-1 chiliadoletie pr. Chr.},
  publisher = {Zograf},
  year      = {2010},
  editor    = {Georgieva, Rumyana and Stoya︡nov, Totko and Momchilov, Dimcho},
  pages     = {247--270},
  address   = {Varna},
}

@Book{Hall1997,
  title     = {{Ethnic Identity in Greek Antiquity}},
  publisher = {Cambridge University Press},
  year      = {1997},
  author    = {Hall, Jonathan M.},
  address   = {Cambridge},
}

@Book{Hall2002,
  title     = {{Hellenicity: Between Ethnicity and Culture}},
  publisher = {The University of Chicago Press},
  year      = {2002},
  author    = {Hall, Jonathan M},
  address   = {Chicago},
}

@Book{Hall1989a,
  title     = {{Inventing the Barbarian: Greek Self-definition through Tragedy}},
  publisher = {Clarendon Press},
  year      = {1989},
  author    = {Hall, Edith},
  address   = {Oxford},
  booktitle = {Oxford classical monographs},
}

@Book{Hales2010,
  title     = {{Material Culture and Social Identities in the Ancient World}},
  publisher = {Cambridge University Press},
  year      = {2010},
  author    = {Hales, Shelley and Hodos, Tamar},
  address   = {Cambridge},
}

@InCollection{Habicht2000,
  author    = {Habicht, Christian},
  title     = {{Foreign Names in Athenian Nomenclature}},
  booktitle = {Greek Personal Names: Their Value as Evidence},
  publisher = {Oxford University Press},
  year      = {2000},
  editor    = {Hornblower, Simon and Matthews, Elaine},
  pages     = {119--128},
  address   = {Oxford, New York},
}

@Book{Gregory2007,
  title     = {{Historical GIS: Technologies, Methodologies and Scholarship}},
  publisher = {Cambridge University Press},
  year      = {2007},
  author    = {Gregory, Ian N. and Ell, Paul S.},
  address   = {Cambridge},
}

@Book{Gregory2003,
  title     = {{A Place in History: A Guide to Using GIS in Historical Research}},
  publisher = {Oxbow Books},
  year      = {2003},
  author    = {Gregory, Ian N.},
  address   = {Oxford},
}

@Article{Graninger2012,
  author  = {Graninger, Denver},
  title   = {{Documentary Contexts for the 'Pistiros Inscription'}},
  journal = {Electrum},
  year    = {2012},
  volume  = {19},
  pages   = {99--110},
}

@InCollection{Graninger2015,
  author    = {Graninger, Denver},
  title     = {{Ethnicity and Ethne}},
  booktitle = {A Companion to Ancient Thrace},
  publisher = {Wiley-Blackwell},
  year      = {2015},
  editor    = {Valeva, Julia and Nankov, Emil and Graninger, Denver},
  pages     = {22--32},
  address   = {Malden, Oxford, Chichester},
}

@Article{Graham1992,
  author  = {Graham, A J},
  title   = {{Abdera and Teos}},
  journal = {The Journal of Hellenic Studies},
  year    = {1992},
  volume  = {112},
  pages   = {44--73},
}

@Book{Golden1998,
  title     = {{Sport and Society in Ancient Greece}},
  publisher = {Cambridge University Press},
  year      = {1998},
  author    = {Golden, M.},
  address   = {Cambridge},
}

@Article{Goceva1992,
  author  = {Goceva, Zlatozara},
  title   = {{Le Culte d´Apollon}},
  journal = {Dialogues d'histoire ancienne},
  year    = {1992},
  volume  = {18},
  number  = {2},
  pages   = {163--171},
}

@Article{Getov2003,
  author  = {Getov, Lyudmil},
  title   = {{Cohors I Athoitorum in Kabyle (Epigraphic record)}},
  journal = {Thracia},
  year    = {2003},
  volume  = {15},
  pages   = {121--124},
}

@InCollection{Getov1991,
  author    = {Getov, Lyudmil},
  title     = {{Mogilen nekropol ot elinisticheskata epocha pri Kabile}},
  booktitle = {Kabile 1},
  publisher = {Balgarska Akademia na naukite},
  year      = {1991},
  editor    = {Velkov, Velizar},
  pages     = {168--197},
  address   = {Sofia},
}

@InCollection{Gerov1980,
  author    = {Gerov, Boris},
  title     = {{Die lateinisch-griechische Sprachgrenze auf der Balkanhalbinsel}},
  booktitle = {Die Sprachen im R{\"{o}}mischen Reich der Kaiserzeit},
  publisher = {Habelt in Komm.},
  year      = {1980},
  editor    = {Neumann, G{\"{u}}nter and Untermann, J{\"{u}}rgen},
  pages     = {147--166},
  address   = {Bonn},
  edition   = {BJ Beheift},
}

@Book{Gerov1989,
  title     = {{Inscriptiones Latinae Bulgaria Repertae}},
  publisher = {University Kliment Ohridski Press},
  year      = {1989},
  author    = {Gerov, Boris},
  address   = {Sofia},
}

@Article{Gergova1995,
  author  = {Gergova, Diana},
  title   = {{Skias - The Newly-discovered Inscription from the Thracian Tumulus near Kupinovo, Veliko Turnovo District}},
  journal = {Thracia},
  year    = {1995},
  volume  = {11},
  pages   = {385--392},
}

@Article{Gellner1983,
  author    = {Gellner, Ernest},
  title     = {{Nations and Nationalism}},
  journal   = {Contemporary Sociology},
  year      = {1983},
  volume    = {13},
  number    = {6},
  pages     = {767},
  address   = {Ithaca},
  doi       = {10.2307/2070853},
  isbn      = {0631129928},
  pmid      = {4472349},
  publisher = {Cornell University Press},
}

@InCollection{GarciaRamon2007,
  author    = {{Garcia Ramon}, Jose Luis},
  title     = {{Thessalian Personal Names and the Greek Lexicon}},
  booktitle = {Old and New Worlds in Greek Onomastics},
  publisher = {Oxford University Press},
  year      = {2007},
  editor    = {Matthews, Elaine},
  pages     = {29--68},
  address   = {Oxford, New York},
}

@Book{Gager1999,
  title     = {{Curse Tablets and Binding Spells from the Ancient World}},
  publisher = {Oxford University Press},
  year      = {1999},
  author    = {Gager, J G},
  address   = {Oxford},
  isbn      = {9780195350623},
}

@Book{French2013,
  title     = {{Roman Roads and Milestones of Asia Minor. Vol. 3 Milestones. Fasc. 3.4 Pontus et Bithynia}},
  publisher = {British Institute at Ankara},
  year      = {2013},
  author    = {French, David H.},
  address   = {Ankara},
}

@InCollection{Freeman1997,
  author    = {Freeman, P. W. M.},
  title     = {{Mommsen to Havefield: the origins of studies of Romanization in late 19th-c. Britain}},
  booktitle = {Dialogues in Roman Imperialism: Power, Discourse, and Discrepant Experience in the Roman Empire},
  publisher = {British Academy},
  year      = {1997},
  editor    = {Mattingly, D. J.},
  pages     = {27--50},
  address   = {Portsmouth, Rhode Island},
}

@InCollection{Fraser2000,
  author    = {Fraser, Peter},
  title     = {{Ethnics as Personal Names}},
  booktitle = {Greek Personal Names: Their Value as Evidence},
  publisher = {Oxford University Press},
  year      = {2000},
  editor    = {Hornblower, Simon and Matthews, Elaine},
  pages     = {149--157},
  address   = {Oxford, New York},
}

@Article{Frankenstein1978,
  author  = {Frankenstein, Susan and Rowlands, Michael},
  title   = {{The internal structure and regional context of Early Iron Age society in south-western Germany}},
  journal = {Bulletin of the Institute of Archaeology},
  year    = {1978},
  volume  = {15},
  pages   = {73--112},
}

@Book{Fol1983,
  title     = {{Istoricheska geografiya na Trakiiskite plemena do III v. pr. n. e.}},
  publisher = {Izdatelstvo na Bulgarskata Akademiya na Naukite},
  year      = {1983},
  author    = {Fol, Alexander and Spiridonov, Tosho},
  address   = {Sofia},
}

@Book{Fol1977,
  title     = {{Thrace and the Thracians}},
  publisher = {Balding and Mansell Ltd.},
  year      = {1977},
  author    = {Fol, Alexander and Marazov, Ivan},
  address   = {London},
}

@InCollection{Fol1997,
  author    = {Fol, Alexander},
  title     = {{L'Hellenisation des Thraces - leur chance d'entrer dans l'histoire}},
  booktitle = {Actes 2e symposium international des études thraciennes, Komotini, 20-27 Septembre 1992},
  publisher = {Edition de l'Association Culturelle de Komotini},
  year      = {1997},
  editor    = {[s.n.]},
  volume    = {I},
  pages     = {71--74},
  address   = {Komotini},
}

@Article{Flannery1972,
  author  = {Flannery, Kent V.},
  title   = {{The Cultural Evolution of Civilizations}},
  journal = {Annual Review of Ecology and Systematics},
  year    = {1972},
  volume  = {3},
  pages   = {399--426},
}

@Book{Filov1934,
  title     = {{Die Grabh{\"{u}}gelnekropole bei Duvanlii in S{\"{u}}dbulgarien}},
  publisher = {Bulgarian Academy of Sciences},
  year      = {1934},
  author    = {Filov, Bogdan and Velkov, Ivan and Mikov, Vasil},
  address   = {Sofia},
}

@Book{Fernoux2004,
  title     = {{Notables des cit{\'{e}}s de Bithynie aux {\'{e}}poques hell{\'{e}}nistique et romaine (IIIe si{\`{e}}cle av. J.-C. IIIe si{\`{e}}cle apr. J.-C)}},
  publisher = {Maison de l'Orient et de la Méditerranée},
  year      = {2004},
  author    = {Fernoux, Henri-Louis},
  address   = {Lyon},
}

@Article{Fernandez-Gotz2013,
  author  = {Fern{\'{a}}ndez-G{\"{o}}tz, Manuel},
  title   = {{Revisiting Iron Age Ethnicity}},
  journal = {European Journal of Archaeology},
  year    = {2013},
  volume  = {16},
  number  = {1},
  pages   = {116--136},
}

@InCollection{Feraudi-Gruenais2010,
  author    = {Feraudi-Gruenais, Francisca},
  title     = {{Latin on Stone: Epigraphy and Databases}},
  booktitle = {Latin on Stone: Epigraphic Research and Electronic Archives},
  publisher = {Lexington Books},
  year      = {2010},
  editor    = {Feraudi-Gruenais, Francisca},
  pages     = {1--19},
  address   = {Lanham, Boulder, New York, Toronto, Plymouth UK},
}

@InCollection{Eckstein2010,
  author    = {Eckstein, Arthur M.},
  title     = {{Macedonia and Rome, 221–146 BC}},
  booktitle = {A Companion to Ancient Macedonia},
  publisher = {Wiley-Blackwell},
  year      = {2010},
  editor    = {Roisman, Joseph and Worthington, Ian},
  pages     = {225--250},
  address   = {Malden, Oxford, Chichester},
}

@Article{Earle1989,
  author  = {Earle, Timothy},
  title   = {{The Evolution of Chiefdoms}},
  journal = {Current Anthropology},
  year    = {1989},
  volume  = {30},
  number  = {1},
  pages   = {84--88},
}

@Book{duncan1982economy,
  title     = {{Economy of the Roman Empire: quantitative studies}},
  publisher = {Cambridge University Press},
  year      = {1974},
  author    = {Duncan-Jones, Richard},
  address   = {Cambridge, New York},
  isbn      = {9780521249706},
}

@InCollection{Dumanov2015,
  author    = {Dumanov, Boyan},
  title     = {{Thrace in Late Antiquity}},
  booktitle = {A Companion to Ancient Thrace},
  publisher = {Wiley-Blackwell},
  year      = {2015},
  editor    = {Valeva, Julia and Nankov, Emil and Graninger, Denver},
  pages     = {91--105},
  address   = {Malden, Oxford, Chichester},
}

@InCollection{Droogers2015,
  author    = {Droogers, Andr{\'{e}}},
  title     = {{Syncretism}},
  booktitle = {International Encyclopedia of the Social and Behavioral Sciences Behavioral Sciences},
  publisher = {Elsevier},
  year      = {2015},
  editor    = {Wright, James},
  volume    = {23},
  pages     = {881--884},
  address   = {Amsterdam, Boston, Heidelberg, London, New York, Oxford, Paris, San Diego, San Francisco, Singapore, Sydney, Tokyo},
}

@Book{Draganov1993,
  title     = {{Monetosecheneto na Kabile}},
  publisher = {Dios},
  year      = {1993},
  author    = {Draganov, Dimitar},
  address   = {Sofia},
}

@InCollection{Draganov1991,
  author    = {Draganov, Dimitar},
  title     = {{Kontramarkite na Kabile}},
  booktitle = {Kabile 2},
  publisher = {Balgarska Akademia na naukite},
  year      = {1991},
  editor    = {Velkov, Velizar},
  pages     = {198--218},
  address   = {Sofia},
}

@Article{Donnellan2006,
  author  = {Donnellan, Lieve},
  title   = {{Ethnic Identity in the Western Black Sea Area: The cases of Histria, Kallatis and Apollonia Pontika (7th – 4/3rd centuries BC)}},
  journal = {Talanta},
  year    = {2006},
  volume  = {XXXVI-XXXV},
  pages   = {189--267},
}

@InCollection{Dominguez1999,
  author    = {Dominguez, A. J.},
  title     = {{Hellenisation in Iberia?: The Reception of Greek Products and Influences by the Iberians}},
  booktitle = {Ancient Greeks West and East},
  publisher = {Brill},
  year      = {1999},
  editor    = {Tsetskhladze, Gocha R.},
  pages     = {301--329},
  address   = {Leiden, Boston, Koln},
}

@InCollection{Domaradzki1991b,
  author    = {Domaradzki, Mieczyslaw},
  title     = {{Zapadnata krepostna stena na Kabile}},
  booktitle = {Kabile 1},
  publisher = {Balgarska Akademia na naukite},
  year      = {1991},
  editor    = {Velkov, V.},
  pages     = {54--82},
  address   = {Sofia},
}

@InCollection{Domaradzki1991a,
  author    = {Domaradzki, Mieczyslaw},
  title     = {{Kultura na Trakite prez kasnozhelyaznata epocha v Kazanlashkiya krai}},
  booktitle = {Trakiiskata kultura prez elinisticheskata epocha v Kazanlashkiya krai},
  publisher = {Muzei Iskra Kazanlak},
  year      = {1991},
  editor    = {Chicikova, Maria},
  pages     = {125--143},
  address   = {Kazanlak},
}

@InCollection{Domaradzka2005a,
  author    = {Domaradzka, Lidia},
  title     = {{Greek Classical and Hellenistic Graffiti from Thrace (6th/5th - 3rd C. BC)}},
  booktitle = {Stephanos Archaeologicos in honorem Professoris Ludmili Getov},
  publisher = {Presses universitaires St. Kliment Ohridski},
  year      = {2005},
  editor    = {Rabad{\v{z}}iev, Kostadin},
  number    = {Suppl. IV},
  pages     = {296 -- 307},
  address   = {Sofia},
}

@InCollection{Domaradzka1997,
  author    = {Domaradzka, Lidia},
  title     = {{Graffiti from Pistiros}},
  booktitle = {Pistiros I},
  publisher = {Karolinum},
  year      = {1996},
  editor    = {Bouzek, Jan and Domaradzki, Mieczyslaw and Archibald, Zosia Halina},
  pages     = {89--95},
  address   = {Prague},
}

@InCollection{Domaradzka2002,
  author    = {Domaradzka, Lidia},
  title     = {{Pistiros and Its Contribution to Classical Greek Epigraphy}},
  booktitle = {Pitye: Izsledovanie v chest na prof. Ivan Marazov},
  publisher = {Anubis},
  year      = {2002},
  editor    = {Rabazhiev, K. and Gicheva, R.},
  pages     = {294--302},
  address   = {Sofia},
}

@InCollection{Domaradzka2013,
  author    = {Domaradzka, Lidia},
  title     = {{Newly discovered graffiti on pottery from Pistiros (2004-2010)}},
  booktitle = {Pistiros V},
  publisher = {Karolinum},
  year      = {2013},
  editor    = {Bouzek, Jan and Domaradzka, Lidia and Gotzev, Alexey and Archibald, Zofia Halina},
  pages     = {198--206},
  address   = {Prague},
}

@Book{DiodorosSicilskyDiodorusSiculus1989,
  title     = {{Diodorus of Sicily in Twelve Volumes with an English Translation by C. H. Oldfather. Vol. 4-8}},
  publisher = {Harvard University Press; William Heinemann},
  year      = {1989},
  author    = {{Diod{\'{o}}ros Sicilsk{\'{y}} (Diodorus Siculus)}},
  address   = {Cambridge (MA); London},
}

@Book{Dinchev1997,
  title     = {{Rimskite vili v dneshnata balgarska teritoria}},
  publisher = {Agato},
  year      = {1997},
  author    = {Dinchev, V.},
  address   = {Sofia},
}

@InCollection{Dimova2014,
  author    = {Dimova, Bela},
  title     = {{Royal Bodies, Invisible Victims: Gender in the Funerary Record of Late Iron Age and Early Hellenistic Thrace}},
  booktitle = {Fingerprinting the Iron Age},
  publisher = {Oxbow Books},
  year      = {2014},
  editor    = {Popa, Catalin Nicolae and Stoddard, Simon},
  pages     = {33--47},
  address   = {Oxford and Philadelphia},
}

@Article{Dimitrova2002,
  author  = {Dimitrova, Nora},
  title   = {{Inscriptions and Iconography in the Monuments of the Thracian Rider}},
  journal = {Hesperia},
  year    = {2002},
  volume  = {71},
  number  = {2},
  pages   = {209--229},
}

@Book{Dimitrova1978,
  title     = {{Arkheologicheskite pametnitsi v Yambolski okrag}},
  publisher = {Okrazhen istoricheski muzei},
  year      = {1978},
  author    = {Dimitrova, Dora and Popov, Zhelyazko},
  address   = {Sofia},
}

@Book{Dimitrova2015,
  title     = {{The Tomb of King Seuthes III in Golyama Kosmatka Tumulus}},
  publisher = {Arros Publishing House},
  year      = {2015},
  author    = {Dimitrova, Diana},
  address   = {Sofia},
}

@Book{Dimitrov2009,
  title     = {{Thracian Language and Greek and Thracian Epigraphy}},
  publisher = {Cambridge Scholar Publishing},
  year      = {2009},
  author    = {Dimitrov, Peter A.},
  address   = {Newcastle upon Tyne},
}

@Book{Dimitrov1978,
  title     = {{The Thracian City of Seuthopolis}},
  publisher = {BAR Supplementary Series},
  year      = {1978},
  author    = {Dimitrov, Dimitur P. and {\v{C}}i{\v{c}}ikova, Maria and Alexieva, Marguerite P.},
  volume    = {38},
  address   = {Oxford},
  isbn      = {0-86054-003-0},
}

@Article{Dimitrov1961,
  author  = {Dimitrov, Dimiter P.},
  title   = {{Seuthopolis}},
  journal = {Antiquity},
  year    = {1961},
  volume  = {35},
  pages   = {91--102},
}

@InCollection{Dietler2005,
  author    = {Dietler, Michael},
  title     = {{The Archaeology of Colonization and the Colonization of Archaeology}},
  booktitle = {The Archaeology of Colonial Encounters: Comparative Perspectives},
  publisher = {School for Advanced Research Press},
  year      = {2005},
  editor    = {Stein, Gil J.},
  pages     = {33--68},
  address   = {Santa Fe},
}

@Book{Dietler2010,
  title     = {{Archaeologies of Colonialism: Consumption, Entanglement, and Violence in Ancient Mediterranean France}},
  publisher = {University of California Press},
  year      = {2010},
  author    = {Dietler, Michael},
  address   = {Berkeley, Los Angeles, London},
}

@InCollection{Dietler1998a,
  author    = {Dietler, Michael},
  title     = {{Consumption, Agency, and Cultural Entanglement: Theoretical Implications of a Mediterranean Colonial Encounter}},
  booktitle = {Studies in Culture Contact Interaction, Culture Change, and Archaeology},
  publisher = {Southern Illinois University Press},
  year      = {1998},
  editor    = {Cusick, James G.},
  pages     = {288--315},
  address   = {Carbondale},
}

@Article{Dietler1997,
  author  = {Dietler, Michael},
  title   = {{The Iron Age in Mediterranean France: Colonial encounters, entanglements, and transformations}},
  journal = {Journal of World Prehistory},
  year    = {1997},
  volume  = {11},
  number  = {3},
  pages   = {269--358},
}

@InCollection{Dietler1998,
  author    = {Dietler, M. and Herbich, I},
  title     = {{Habitus, techniques, style: An integrated approach to the social understanding of material culture and boundaries}},
  booktitle = {The Archaeology of Social Boundaries},
  publisher = {Smithsonian Institution Press},
  year      = {1998},
  editor    = {Stark, Miriam},
  pages     = {232--263},
  address   = {Washington D.C.},
  isbn      = {9781560987796},
}

@InCollection{Diaz-Andreu2015,
  author    = {D{\'{i}}az-Andreu, Margarita},
  title     = {{Ethnic Identity and Ethnicity in Archaeology}},
  booktitle = {International Encyclopedia of the Social and Behavioral Sciences},
  publisher = {Elsevier},
  year      = {2015},
  editor    = {Wright, James},
  volume    = {8},
  pages     = {102--105},
  address   = {Amsterdam, Boston, Heidelberg, London, New York, Oxford, Paris, San Diego, San Francisco, Singapore, Sydney, Tokyo},
}

@Article{Dewar1991,
  author  = {Dewar, Robert E},
  title   = {{Incorporating Variation in Occupation Span into Settlement-Pattern Analysis}},
  journal = {Society for American Archaeology},
  year    = {1991},
  volume  = {56},
  number  = {4},
  pages   = {604--620},
}

@Book{Detschew1957,
  title     = {{Die thrakischen Sprachreste}},
  publisher = {Rudolf M. Rohrer},
  year      = {1957},
  author    = {Detschew, Dimiter},
  address   = {Wien},
}

@Book{Detschew1952,
  title     = {{Charakteristic der Thrakischen sprache}},
  publisher = {Izdanie na balgarskate akademija na naukite},
  year      = {1952},
  author    = {Detschew, D.},
  address   = {Sofia},
}

@Book{Derks2009,
  title     = {{Ethnic Constructs in Antiquity: The Role of Power and Tradition}},
  publisher = {Amsterdam University Press},
  year      = {2009},
  author    = {Derks, Ton and Roymans, Nico},
  address   = {Amsterdam},
}

@InCollection{Derks2009a,
  author    = {Derks, Ton},
  title     = {{Ethnic identity in the Roman frontier. The epigraphy of Batavi and other Lower Rhine tribes}},
  booktitle = {Ethnic Constructs in Antiquity: The Role of Power and Tradition},
  publisher = {Amsterdam University Press},
  year      = {2009},
  editor    = {Derks, Ton and Roymans, Nico},
  pages     = {239--282},
  address   = {Amsterdam},
}

@Book{Demetriou2012,
  title     = {{Negotiating Identity in the Ancient Mediterranean: The Archaic and Classical Greek Multiethnic Emporia}},
  publisher = {Cambridge University Press},
  year      = {2012},
  author    = {Demetriou, Denise},
  address   = {New York},
}

@InCollection{Delev2015b,
  author    = {Delev, Peter},
  title     = {{From Koroupedion to the Beginning of the Third Mithridatic War (281-73 BCE)}},
  booktitle = {A Companion to Ancient Thrace},
  publisher = {Wiley-Blackwell},
  year      = {2015},
  editor    = {Valeva, Julia and Nankov, Emil and Graninger, Denver},
  pages     = {59--74},
  address   = {Malden, Oxford, Chichester},
}

@InCollection{Delev2015a,
  author    = {Delev, Peter},
  title     = {{Thrace from Kotys I to Koroupedion (360-281 BCE)}},
  booktitle = {A Companion to Ancient Thrace},
  publisher = {Wiley-Blackwell},
  year      = {2015},
  editor    = {Valeva, Julia and Nankov, Emil and Graninger, Denver},
  pages     = {48--58},
  address   = {Malden, Oxford, Chichester},
}

@Article{Delemen2006,
  author  = {Delemen, İnci},
  title   = {{An Unplundered Chamber Tomb on Ganos Mountain in Southeastern Thrace}},
  journal = {American Journal of Archaeology},
  year    = {2006},
  volume  = {110},
  number  = {2},
  pages   = {251--273},
}

@Article{Delchev2013,
  author  = {Delchev, Daniel},
  title   = {{Acculturation in Thracia and Moesia Inferior from the 1st to the 4th Century AD - The Role of Settlers of the Eastern Roman Provinces as Cultural Mediators}},
  journal = {Zentrum fur Archaologie und Kulturgeschichte des Schwarzemeerraumes e V., Archaeologia Circumpontica},
  year    = {2013},
  volume  = {9},
  pages   = {15--21},
}

@Book{Danov1976,
  title     = {{Altthrakien}},
  publisher = {Walter De Gruyter},
  year      = {1976},
  author    = {Danov, Christo M},
  address   = {Berlin, New York},
}

@InCollection{Dana2013a,
  author    = {Dana, Madalina},
  title     = {{L'int{\'{e}}gration des indig{\`{e}}nes dans les structures civiques de deux cit{\'{e}}s du Pont Gauche {\`{a}} l'{\'{e}}poque imp{\'{e}}riale}},
  booktitle = {Groupes et associations dans les cit{\'{e}}s grecques Groupes et associations dans les cit{\'{e}}s grecques: Actes de la table ronde de Paris, INHA, 19-20 juin 2009},
  publisher = {Librairie Droz S.A.},
  year      = {2013},
  editor    = {Fr{\"{o}}hlich, Pierre and Hamon, Patrice},
  pages     = {277--305},
  address   = {Gen{\`{e}}ve},
}

@Book{Dana2014,
  title     = {{Onomasticon Thracicum (OnomThrac)}},
  publisher = {Diffusion de Boccard},
  year      = {2014},
  author    = {Dana, Dan},
  address   = {Athens},
}

@InCollection{Dana2015,
  author    = {Dana, Dan},
  title     = {{Inscriptions}},
  booktitle = {A Companion to Ancient Thrace},
  publisher = {Wiley-Blackwell},
  year      = {2015},
  editor    = {Valeva, Julia and Nankov, Emil and Graninger, Denver},
  pages     = {243--264},
  address   = {Malden, Oxford, Chichester},
}

@InCollection{Dana2013,
  author    = {Dana, Dan},
  title     = {{Les Thraces dans les dipl{\{}{\^{o}}{\}}mes militaires. Onomastique et statut des persones}},
  booktitle = {Thrakika Zetemata II: Aspects of the Roman Province of Thrace},
  publisher = {Ekdoseis Iliaia},
  year      = {2013},
  editor    = {Parissaki, Maria - Gabriella},
  pages     = {219--269},
  address   = {Athens},
}

@Article{Dana2011,
  author  = {Dana, Dan},
  title   = {{Onomasticon Thracicum (Onom Thrac). R{\'{e}}pertoire des noms indig{\`{e}}nes de Thrace, Mac{\'{e}}doine Orientale, M{\'{e}}sies, Dacie et Bithynie}},
  journal = {Ancient Civilizations from Scythia to Siberia},
  year    = {2011},
  volume  = {17},
  number  = {1},
  pages   = {25--45},
  month   = {jan},
  doi     = {10.1163/092907711X575313},
}

@InCollection{Damyanov2007,
  author    = {Damyanov, Margarit},
  title     = {{Dionysopolis, its territory and neighbours in the pre-Roman times}},
  booktitle = {Ancient Greek Colonies in the Black Sea 2, Vol. 1},
  publisher = {BAR International Series 1675 (I)},
  year      = {2007},
  editor    = {Grammenos, D. V. and Petropoulos, Elias. K},
  pages     = {1--36},
  address   = {Oxford},
}

@InCollection{Damyanov2011,
  author    = {Damyanov, Margarit},
  title     = {{Amphorae from a Tumulus on Kolokita Promontory near Sozopol (Apollonia Pontica)}},
  booktitle = {Patabs II},
  publisher = {Bulgarian Academy of Sciences},
  year      = {2011},
  editor    = {Tzochev, Chavdar and Stoyanov, Totko and Bozkova, Anelia},
  pages     = {87--100},
  address   = {Sofia},
}

@Article{Damyanov2012,
  author  = {Damyanov, Margarit},
  title   = {{Normative and Non-Normative Burial Practices in the Necropoleis of the Greek Colonies in the Western Black Sea Area}},
  journal = {Ancient West {\&} East East},
  year    = {2012},
  volume  = {11},
  pages   = {35--68},
}

@InCollection{Damyanov2010,
  author    = {Damyanov, Margarit},
  title     = {{Greeks and natives in the region of Odessos}},
  booktitle = {Grecs et indigens de la catalogue a la Mer Noire},
  publisher = {Biblioth{\`{e}}que d'Arch{\'{e}}ologie M{\'{e}}diterran{\'{e}}enne et Africaine},
  year      = {2010},
  editor    = {Tr{\'{e}}ziny, Henri},
  volume    = {3},
  pages     = {265--276},
  address   = {Paris},
}

@InCollection{Cusick1998,
  author    = {Cusick, James G.},
  title     = {{Historiography of Acculturation: An Evaluation of Concepts and Their Application in Archaeology}},
  booktitle = {Studies in Culture Contact: Interaction, Culture Change and Archaeology},
  publisher = {Southern Illinois University Press},
  year      = {1998},
  editor    = {Cusick, James G.},
  pages     = {23--43},
  address   = {Carbondale},
}

@Article{Crema2012,
  author  = {Crema, Enrico R.},
  title   = {{Modelling Temporal Uncertainty in Archaeological Analysis}},
  journal = {Journal of Archaeological Method and Theory},
  year    = {2012},
  volume  = {19},
  number  = {3},
  pages   = {440--461},
}

@InCollection{Corsten2006,
  author    = {Corsten, Thomas},
  title     = {{The Role and Status of the Indigenous Population in Bithynia}},
  booktitle = {Rome and the Black Sea Region: Domination, Romanisation, Resistance},
  publisher = {Aarhus University Press},
  year      = {2006},
  editor    = {Bekker-Nielsen, T{\o}nnes},
  pages     = {85--92},
  address   = {Aarhus},
}

@Book{Cooley2012,
  title     = {{The Cambridge Manual of Latin Epigraphy}},
  publisher = {Cambridge University Press},
  year      = {2012},
  author    = {Cooley, Alison E.},
  address   = {Cambridge},
  isbn      = {9780521549547},
}

@Book{Cook1987,
  title     = {{Greek Inscriptions}},
  publisher = {University of California Press},
  year      = {1987},
  author    = {Cook, B. F.},
  address   = {Berkeley, Los Angeles},
}

@Book{Constantakopoulou2007,
  title     = {{The Dance of the Islands: Insularity, Networks, the Athenian Empire, and the Aegean World}},
  publisher = {Oxford University Press},
  year      = {2007},
  author    = {Constantakopoulou, Christy},
  address   = {Oxford},
}

@Book{Comaroff1985,
  title     = {{Body of Power, Spirit of Resistance: The Culture and History of a South African People}},
  publisher = {University of Chicago Press},
  year      = {1985},
  author    = {Comaroff, Jean},
  address   = {Chicago},
}

@InCollection{Cohen1985,
  author    = {Cohen, Anthony P.},
  title     = {{The Symbolic Construction of Community}},
  booktitle = {Symbolic Construction of Community},
  publisher = {Routledge},
  year      = {1985},
  number    = {August},
  chapter   = {4},
  pages     = {97--118},
  address   = {Florence, KY},
}

@Book{Cohen2000,
  title     = {{Signifying Identities: Anthropological perspectives on boundaries and contested values}},
  publisher = {Routledge},
  year      = {2000},
  author    = {Cohen, Anthony P.},
  address   = {London, New York},
}

@Article{Clark1990,
  author  = {Clark, John E. and Parry, William J.},
  title   = {{Craft Specialization and Cultural Complexity}},
  journal = {Research in Economic Anthropology},
  year    = {1990},
  volume  = {12},
  pages   = {289--346},
}

@InCollection{Chichikova1984,
  author    = {Chichikova, Maria},
  title     = {{Antichna keramika}},
  booktitle = {Sevtopolis, Tom 1},
  publisher = {Izdatelstvo na Balgarskate Akademia na naukite},
  year      = {1984},
  editor    = {Dimitrov, Dimitur P. and Chichikova, Maria and Balkanska, Ana and Ognenova-Marinova, Ljuba},
  pages     = {18--114},
  address   = {Sofia},
}

@InCollection{Chaniotis2005,
  author    = {Chaniotis, Angelos},
  title     = {{Inscribed Instrumenta Domestica and the Economy of Hellenistic and Roman Crete}},
  booktitle = {Making, Moving and Managing. The New World of Ancient Economies 323-31 BC},
  publisher = {Oxbow Books},
  year      = {2005},
  editor    = {Archibald, Zosia Halina and Davies, John K and Gabrielsen, Vincent},
  pages     = {92--116},
  address   = {Oxford},
}

@Book{Champion2005,
  title     = {{Centre and Periphery: Comparative Studies in Archaeology}},
  publisher = {Routledge},
  year      = {2005},
  author    = {Champion, T. C.},
  address   = {London, New York},
  edition   = {One World},
}

@Book{Card2013,
  title     = {{Archaeology of Hybrid Material Culture}},
  publisher = {Southern Illinois University Press},
  year      = {2013},
  author    = {Card, Jeb J.},
  address   = {Carbondale and Edwardsville},
}

@InCollection{Card2013a,
  author    = {Card, Jeb J.},
  title     = {{Introduction}},
  booktitle = {Archaeology of Hybrid Material Culture},
  publisher = {Southern Illinois University Press},
  year      = {2013},
  editor    = {Card, Jeb J.},
  pages     = {1--21},
  address   = {Carbondale, Edwardsville},
}

@InCollection{Calder1996,
  author    = {Calder, William M. III.},
  title     = {{The Seuthopolis Inscription: IGBR 1731, a New Edition}},
  booktitle = {Transitions to Empire: Essays in Greco-Roman History, 360-146 B.C., in honor of E. Badian},
  publisher = {University of Oklahoma Press},
  year      = {1996},
  editor    = {Wallace, Robert W. and Harris, Edward M.},
  pages     = {167--178},
  address   = {Norman, London},
}

@InProceedings{Bujukliev1997,
  author    = {Bujukliev, Hristo},
  title     = {{Le culte d'Apollon a Augusta Trajana et dans son territoire}},
  booktitle = {Actes 2e symposium international des études thraciennes, Komotini, 20-27 Septembre 1992},
  year      = {1997},
  editor    = {Triandaphyllos, D. and Terzopoulou, D.},
  volume    = {1},
  pages     = {213--220},
  address   = {Komotini},
  publisher = {Ekdosi morfotikou omilou Komotinis},
}

@Article{Bravo1999,
  author  = {Bravo, Benedetto and Chankowski, Andrzej S.},
  title   = {{Cit{\'{e}}s et emporia dans le commerce avec les barbares {\`{a}} la lumi{\`{e}}re du document dit {\`{a}} tort 'inscription de Pistiros'}},
  journal = {Bulletin de correspondance hell{\'{e}}niquenique},
  year    = {1999},
  volume  = {123},
  pages   = {275--317},
}

@Book{Braund1984,
  title     = {{Rome and the Friendly King: The Character of the Client Kingship}},
  publisher = {Croom Helm, St. Martin's Press},
  year      = {1984},
  author    = {Braund, David},
  address   = {London, Canberra, New York},
}

@InCollection{Boyanov2012,
  author    = {Boyanov, Ilian},
  title     = {{Veterans and Society in Lower Moesia and Thrace during the Principate}},
  booktitle = {The Lower Danube Roman Limes (1st - 6th c. AD)},
  publisher = {NAIM BAS},
  year      = {2012},
  editor    = {Vagalinski, Lyudmil and Sharankov, Nicolay and Torbatov, Sergey},
  pages     = {251--269},
  address   = {Sofia},
}

@InCollection{Boyanov2006,
  author    = {Boyanov, Ilian},
  title     = {{Rimskite veterani ot raiona na Kabile}},
  booktitle = {IV mezhdunaroden simpozium Poselishten zhivot v Trakia, 9-11 Novembri 2005, Yambol, Kabile},
  publisher = {Ya},
  year      = {2006},
  editor    = {Iliev, Ilia},
  pages     = {235--242},
  address   = {Yambol},
}

@Book{Boyanov2008,
  title     = {{Rimskite veterani v Dolna Mizia i Trakia (I-III v.)}},
  publisher = {Avalon Publishing},
  year      = {2008},
  author    = {Boyanov, Ilian},
  address   = {Sofia},
}

@Book{Boyanov2014,
  title     = {{Discoduraterae i emporite v rimska Trakia}},
  publisher = {Avalon Publishing},
  year      = {2014},
  author    = {Boyanov, Ilian},
  address   = {Sofia},
  isbn      = {9789549704334},
}

@Book{Bouzek2016,
  title     = {{Pistiros VI}},
  publisher = {Karolinum},
  year      = {2016},
  author    = {Bouzek, Jan and Militky, Jiri and Taneva, Valentina and Domaradzka, Ewa},
  address   = {Prague},
}

@InCollection{Bouzek2015,
  author    = {Bouzek, Jan and Graninger, Denver},
  title     = {{Geography}},
  booktitle = {A Companion to Ancient Thrace},
  publisher = {Wiley-Blackwell},
  year      = {2015},
  editor    = {Valeva, Julia and Nankov, Emil and Graninger, Denver},
  pages     = {12--21},
  address   = {Malden, Oxford, Chichester},
}

@Book{Bouzek1996,
  title     = {{Pistiros I: Excavations and Studies}},
  publisher = {Karolinum},
  year      = {1996},
  author    = {Bouzek, Jan and Domaradzki, Mieczyslaw and Archibad, Zofia Halina},
  address   = {Praha},
}

@Book{Bouzek2013,
  title     = {{Pistiros V}},
  publisher = {Karolinum},
  year      = {2013},
  author    = {Bouzek, Jan and Domaradzka, Lidia and Gotzev, Alexey and Archibald, Zosia Halina},
  address   = {Prague},
}

@Book{Bouzek2010,
  title     = {{Pistiros IV}},
  publisher = {Karolinum},
  year      = {2010},
  author    = {Bouzek, Jan and Domaradzka, Lidia and Archibald, Zosia Halina},
  address   = {Prague},
}

@Book{Bouzek2007,
  title     = {{Pistiros III}},
  publisher = {Karolinum},
  year      = {2007},
  author    = {Bouzek, Jan and Domaradzka, Lidia and Archibald, Zofia Halina},
  address   = {Prague},
}

@Article{Bouzek2011,
  author  = {Bouzek, Jan and Domaradzka, Lidia},
  title   = {{Greeks in Inner Thrace}},
  journal = {Eirene},
  year    = {2011},
  volume  = {47},
  pages   = {44--59},
}

@InProceedings{BouzekDomaradzka2005,
  author    = {Bouzek, Jan and Domaradzka, Lidia},
  title     = {{The culture of Thracians and their neighbours}},
  booktitle = {International Symposium in Memory of Prof. Mieczyslaw Domaradzki, with a Round Table "Archaeological map of Bulgaria"},
  year      = {2005},
  editor    = {Bouzek, Jan and Domaradzka, Lidia},
  volume    = {1350},
  address   = {Oxford},
  publisher = {BAR International Series},
  isbn      = {1-84171-696-0},
}

@Book{Bouzek2002,
  title     = {{Pistiros II}},
  publisher = {Karolinum},
  year      = {2002},
  author    = {Bouzek, Jan and Archibald, Zofia Halina and Domaradzki, Mieczyslaw},
  address   = {Prague},
  isbn      = {80-246-0159-1},
}

@Book{Bourdieu1991,
  title     = {{Language and Symbolic Power}},
  publisher = {Polity Press},
  year      = {1991},
  author    = {Bourdieu, Pierre},
  address   = {Cambridge},
}

@InCollection{Bourdieu1984,
  author    = {Bourdieu, Pierre},
  title     = {{The Habitus and the Space of Lifestyles}},
  booktitle = {Distinction: A Social Critique of the Judgment of Taste},
  publisher = {Harvard University Press},
  year      = {1984},
  pages     = {169--180},
  address   = {Cambridge (MA)},
}

@InCollection{Bourdieu1977,
  author    = {Bourdieu, Pierre},
  title     = {{Structures, Habitus, Power: Basis for a Theory of Symbolic Power}},
  booktitle = {Outline of a Theory of Practice},
  publisher = {Cambridge University Press},
  year      = {1977},
  volume    = {233},
  pages     = {159--171},
  address   = {Cambridge},
}

@Article{Boteva1985,
  author  = {Boteva, Dilyana},
  title   = {{Obrochni pametnitsi ot svetilishteto na Asklepii Limenos krai Slivnitsa, Sofiiski okrag}},
  journal = {Arkheologia},
  year    = {1985},
  volume  = {4},
  pages   = {31--38},
}

@Article{Boteva2007,
  author  = {Boteva, Dilyana},
  title   = {{Dedicators with Roman Names and the Indigenous Cult of the Tracian Horseman (a Reprint)}},
  journal = {Archaeologica Bulgarica},
  year    = {2007},
  volume  = {11},
  number  = {3},
  pages   = {75--89},
}

@InCollection{Boteva2002,
  author    = {Boteva, Dilyana},
  title     = {{The Heros of the Thracian Iconic Narrative: A Data Base Analysis}},
  booktitle = {Proceedings of the Eighth International Congress of Thracology "Thrace and the Aegean", Sofia - Yambol, 25 - 29 September 2000},
  publisher = {Institute of Thracology - Bulgarian Academy of Science},
  year      = {2002},
  editor    = {Fol, Alexander},
  volume    = {2},
  pages     = {817--821},
  address   = {Sofia},
}

@InCollection{Boteva2011b,
  author    = {Boteva, Dilyana},
  title     = {{Re-reading Herodotus on the Persian Campaigns in Thrace}},
  booktitle = {Herodot und das Persische Weltreich Herodotus and the Persian Empire},
  publisher = {Harrassowitz Verlag},
  year      = {2011},
  editor    = {Rollinger, Robert and Truschnegg, Brigitte and Bichler, Reinhold},
  number    = {1},
  pages     = {735--759},
  address   = {Wiesbaden},
}

@InCollection{Boteva2005a,
  author    = {Boteva, Dilyana},
  title     = {{Soldiers and Veterans Dedicating Votive Monuments with a Representation of the Thracian Horseman within the Provinces of Lower Moesia and Thrace}},
  booktitle = {R{\"{o}}mische St{\"{a}}dte und Festungen an der Donau. Akten der Regionalen Konferenz (16-19 Oktober 2003)},
  publisher = {Fil. Fak.},
  year      = {2005},
  editor    = {Mirkovi{\'{c}}, Miroslava},
  pages     = {199--210},
  address   = {Beograd},
}

@Book{Boring1979,
  title     = {{Literacy in Ancient Sparta}},
  publisher = {Brill},
  year      = {1979},
  author    = {Boring, T. A.},
  address   = {Leiden},
}

@InCollection{Bodel2012,
  author    = {Bodel, John},
  title     = {{Latin Epigraphy and the IT Revolution}},
  booktitle = {Epigraphy and the Historical Sciences},
  publisher = {Oxford University Press},
  year      = {2012},
  editor    = {Davies, John and Wilkes, John},
  pages     = {275--296},
  address   = {Oxford, New York},
}

@Book{Bodel2001,
  title     = {{Epigraphic Evidence: Ancient History from Inscription}},
  publisher = {Routledge},
  year      = {2001},
  author    = {Bodel, John},
  address   = {London, New York},
}

@Book{Boardman1980,
  title     = {{The Greeks Overseas: Their Early Colonies and Trade}},
  publisher = {Thames and Hudson},
  year      = {1980},
  author    = {Boardman, John},
  address   = {New York},
}

@Article{BliegeBird2005,
  author  = {{Bliege Bird}, Rebecca and Smith, Eric Alden},
  title   = {{Signaling Theory, Strategic Interaction, and Symbolic Capital}},
  journal = {Current Anthropology},
  year    = {2005},
  volume  = {46},
  number  = {2},
  pages   = {221--248},
  doi     = {10.1086/427115},
  isbn    = {00113204},
  pmid    = {20515941},
}

@Article{Blanco-Perez2016,
  author  = {Blanco-Perez, Aitor},
  title   = {{Nomenclature and Dating Roman Asia Minor: (M.) Aurelius/a and the 3rd Century AD}},
  journal = {Zeitschrift f{\"{u}}r Papyrologie und Epigraphik},
  year    = {2016},
  volume  = {199},
  pages   = {271--293},
}

@InCollection{Bintliff1996,
  author    = {Bintliff, John},
  title     = {{The Mountain Peoples of Ancient Greece: The Relevance of World-Systems Theory and Neo-Malthusianism to their Development Growth Phase I: Late Geometric to Archaic}},
  booktitle = {Gebirgsland als Lebensraum. Stuttgarter Kolloquium zur Historischen Geographie des Altertums},
  publisher = {Rudolf Habelt Verlag},
  year      = {1996},
  editor    = {Olshausen, E. and Sonnabend, H.},
  volume    = {5},
  pages     = {106--141},
  address   = {Bonn},
}

@Book{Bhabha1994,
  title     = {{The Location of Culture}},
  publisher = {Routledge},
  year      = {1994},
  author    = {Bhabha, Homi K.},
  address   = {London, New york},
}

@InCollection{Bevan2013b,
  author    = {Bevan, Andrew and Crema, Enrico R. and Li, Xiuzhen and Palmisano, Alessio},
  title     = {{Intensities, interactions and uncertainties: some new approaches to archaeological distributions}},
  booktitle = {Computational Approaches to Archaeological Spaces},
  publisher = {Left Coast Press},
  year      = {2013},
  editor    = {Bevan, Andrew and Lake, Mark},
  pages     = {27--52},
  address   = {Walnut Creek, CA},
  isbn      = {9781611323467},
  pmid      = {819718245},
}

@Book{Bevan2013,
  title     = {{Mediterranean Islands, Fragile Communities and Persistent Landscapes}},
  publisher = {Cambridge University Press},
  year      = {2013},
  author    = {Bevan, Andrew and Conolly, James},
  address   = {Cambridge, New York, Melbourne, Madrid, Cape Town, Singapore, Sao Paulo, Delhi, Mexico City, Cambridge},
}

@InCollection{Bevan2006,
  author    = {Bevan, Andrew and Conolly, James},
  title     = {{Multiscalar Approaches to Settlement Pattern Analysis}},
  booktitle = {Confronting Scale in Archaeology},
  publisher = {Springer},
  year      = {2006},
  editor    = {Lock, Gary and Molyneaux, Brian Leigh},
  pages     = {217--234},
  address   = {New York},
}

@Article{Bevan2013a,
  author  = {Bevan, A. and Conolly, J. and Hennig, C. and Johnston, A. and Quercia, A. and Spencer, L. and Vroom, J.},
  title   = {{Measuring chronological uncertainty in intensive survey finds: A case study from Antikythera, Greece}},
  journal = {Archaeometry},
  year    = {2013},
  volume  = {55},
  number  = {2},
  pages   = {312--328},
}

@Book{Beshevliev1970,
  title     = {{Untersuchungen {\"{u}}ber die Personennamen bei den Thrakern}},
  publisher = {Verlag Adolf M. Hakkert},
  year      = {1970},
  author    = {Beshevliev, Veselin},
  address   = {Amsterdam},
}

@InCollection{Benefiel2010,
  author    = {Benefiel, Rebecca R.},
  title     = {{Rome in Pompeii: Wall Inscriptions and GIS}},
  booktitle = {Latin on Stone: Epigraphic Research and Electronic Archives},
  publisher = {Lexington Books},
  year      = {2010},
  editor    = {Feraudi-Gruenais, Francisca},
  pages     = {45--76},
  address   = {Lanham, Boulder, New York, Toronto, Plymouth UK},
}

@Book{Bekker-Nielsen1989,
  title     = {{The Geography of Power: Studies in the Urbanization of Roman North-West Europe}},
  publisher = {Archaeopress},
  year      = {1989},
  author    = {Bekker-Nielsen, T{\o}nnes},
  address   = {Oxford},
}

@InCollection{Bayman2010,
  author    = {Bayman, James M.},
  title     = {{The Precarious "Middle Ground": Exchange and the Reconfiguration of Social Identity in the Hawaiian Kingdom}},
  booktitle = {Trade and Exchange: Archaeological Studies from History and Prehistory},
  publisher = {Springer},
  year      = {2010},
  editor    = {Dillian, Carolyn D. and White, Carolyn L.},
  pages     = {129--148},
  address   = {New York, London},
}

@Book{Barth1969a,
  title     = {{Ethnic Groups and Boundaries: The Social Organization of Culture Difference}},
  publisher = {Little, Brown and Company},
  year      = {1969},
  author    = {Barth, Fredrik},
  editor    = {Barth, Fredrik},
  address   = {Boston},
}

@Article{Barrett2010,
  author  = {Barrett, Caitlin and Nankov, Emil},
  title   = {{Egyptian Imagery in Hellenistic Bulgaria: Lamps from the Thracian City of Seuthopolis}},
  journal = {Newsletter of the Coroplastic Studies Interest Group},
  year    = {2010},
  volume  = {4},
  pages   = {17},
}

@Article{Baralis2015,
  author  = {Baralis, Alexandre and Panayotova, Krystina},
  title   = {{Apollonia du Pont, les travaux de la mission arch{\'{e}}ologique franco-bulgare}},
  journal = {CRAI},
  year    = {2015},
  volume  = {2},
  pages   = {945--999},
}

@InCollection{Baralis2013b,
  author    = {Baralis, Alexandre and Panayotova, Krystina},
  title     = {{Burial enclosures and spatial organization of the Classical and early Hellenistic necropoleis of Apollonia Pontica, Kalfata / Budjaka Area}},
  booktitle = {Griechische Grabbezirke klassischer Zeit: Normen und Regionalismen Akten},
  publisher = {Hirmer Verlag GmbH},
  year      = {2013},
  editor    = {Sporn, Katja},
  pages     = {241--259},
  address   = {M{\"{u}}nchen},
}

@InCollection{Baralis2013,
  author    = {Baralis, Alexandre},
  title     = {{Hell{\'{e}}nisation et d{\'{e}}shell{\'{e}}nisation dans l'espace pontique: le pass{\'{e}} antique {\`{a}} l'{\'{e}}preuve des constructions identitaires modernes}},
  booktitle = {Contacts de cultures, constructions identitaires et st{\'{e}}r{\'{e}}otypes dans l'espace m{\'{e}}diterran{\'{e}}en antique},
  publisher = {Presses universitaires de la M{\{}{\'{e}}{\}}diterran{\{}{\'{e}}{\}}e},
  year      = {2013},
  editor    = {Menard, Helene and Plana-Mallart, Rosa},
  pages     = {91--106},
  address   = {Montpellier},
}

@Article{Bakardzhiev2008,
  author  = {Bakardzhiev, Stefan},
  title   = {{Sondazhni arheologicheski prouchvanya v m. Yurta pri s. Stroyno, obshtina Elhovo}},
  journal = {Arheologicheski otkritya i razkopki prez 2007 g.},
  year    = {2008},
  pages   = {471--473},
}

@InCollection{Avram2004,
  author    = {Avram, Alexandru and Hind, J. G. H. and Tsetskhladze, Gocha R.},
  title     = {{The Black Sea Area}},
  booktitle = {An Inventory of Archaic and Classical Poleis},
  publisher = {Oxford University Press},
  year      = {2004},
  editor    = {Hansen, Mogens Herman and Nielsen, Thomas Heine},
  pages     = {924--973},
  address   = {Oxford},
}

@InCollection{Atanasov2007,
  author    = {Atanasov, Georgi and Yorgov, Yuri},
  title     = {{The Valley of the Kamchiya River in the Smyadovo-Dragoevo Region during the Classical and Hellenistic Ages}},
  booktitle = {The Lower Danube in Antiquity, 6.-7. 10. 2005, Tutrakan},
  publisher = {Bulgarian Academy of Sciences, National Institute of Archaeology and Museum},
  year      = {2006},
  editor    = {Vagalinski, Lyudmil},
  number    = {Sofia},
  pages     = {1--8},
  address   = {Sofia},
}

@InCollection{Asheri1990,
  author    = {Asheri, David},
  title     = {{Herodotus on Thracian Society}},
  booktitle = {Herodote et les peuples non grecs},
  publisher = {Fondation Hard, Vandoeuvres},
  year      = {1990},
  editor    = {Nenci, Giuseppe and Reverdin, Olivier},
  pages     = {131--169},
  address   = {Geneve},
}

@Book{Archibald2013,
  title     = {{Ancient Economies of the Northern Aegean: Fifth to First Centuries BC}},
  publisher = {Oxford University Press},
  year      = {2013},
  author    = {Archibald, Zosia Halina},
  address   = {Oxford},
}

@InCollection{Archibald1999,
  author    = {Archibald, Zosia Halina},
  title     = {{Thracian Cult - from Practice to Belief}},
  booktitle = {Ancient Greeks West and East},
  publisher = {Brill},
  year      = {1999},
  editor    = {Tsetskhladze, Gocha},
  pages     = {427--468},
  address   = {Leiden, Boston, Koln},
}

@Book{Archibald1998,
  title     = {{The Odrysian Kingdom of Thrace}},
  publisher = {Clarendon Press},
  year      = {1998},
  author    = {Archibald, Zosia Halina},
  address   = {Oxford},
}

@Article{Archibald2015,
  author  = {Archibald, Zosia Halina},
  title   = {{L'Aristocratie Odryse: Signes et lieux du pouvoir en Thrace (Ve -IIIe s. av. J.-C.)}},
  journal = {CRAI},
  year    = {2015},
  volume  = {2},
  pages   = {891--912},
  address = {Paris},
}

@InCollection{Archibald2004,
  author    = {Archibald, Zosia Halina},
  title     = {{Inland Thrace}},
  booktitle = {An Inventory of Archaic and Classical Poleis},
  publisher = {Oxford University Press},
  year      = {2004},
  editor    = {Hansen, Mogens Herman and Nielsen, Thomas Heine},
  pages     = {885--899},
  address   = {Oxford, New York},
}

@Article{Archibald2002,
  author  = {Archibald, Zofia Halina},
  title   = {{A River Port and Emporion in Central Bulgaria: An Interim Report on the British Project at Vetren}},
  journal = {The Annual of the British School at Athens},
  year    = {2002},
  volume  = {97},
  pages   = {309--351},
}

@Book{Appadurai1986,
  title     = {{The Social Life of Things: Commodities in Cultural Perspective}},
  publisher = {Cambridge University Press},
  year      = {1986},
  author    = {Appadurai, Arjun},
  address   = {Cambridge},
}

@InCollection{Antonaccio2001,
  author    = {Antonaccio, Carla M.},
  title     = {{Ethnicity and Colonization}},
  booktitle = {Ancient Perceptions of Greek Ethnicity},
  publisher = {Center for Hellenic Studies Trustees for Harvard University},
  year      = {2001},
  editor    = {Malkin, Irad},
  pages     = {113--158},
  address   = {Washington D.C.},
}

@Article{Antonaccio2013,
  author  = {Antonaccio, Carla M.},
  title   = {{Networking the Middle Ground? The Greek Diaspora, Tenth to Fifth Century BC}},
  journal = {Archaeological Review from Cambridge},
  year    = {2013},
  volume  = {28},
  number  = {1},
  pages   = {237--251},
}

@Article{Agre2009,
  author  = {Agre, Daniela},
  title   = {{Hellenistic Gold Plate with Inscription from a Tumular Grave Near Sinemorets, Tsarevo Region}},
  journal = {Archaeologia Bulgarica},
  year    = {2009},
  volume  = {13},
  number  = {2},
  pages   = {21--26},
}

@InCollection{Adams2007,
  author    = {Adams, Winthrop Lindsay},
  title     = {{'Symmiktous katoikisas' and the City Foundations of the Thracian Frontier}},
  booktitle = {Thrace in the Graeco-Roman World. Proceedings of the 10th International Congress of Thracology, Komotini-Alexandroupolis 18-23 October 2005},
  publisher = {National Hellenic Research Foundation},
  year      = {2007},
  editor    = {Iakovidou, A.},
  pages     = {3--12},
  address   = {Athens},
}

@Book{Adams2002,
  title     = {{Bilingualism in Ancient Society}},
  publisher = {Oxford University Press},
  year      = {2002},
  author    = {Adams, James Noel and Janse, Mark and Swain, Simon},
  address   = {Oxford, New York},
}

@Comment{jabref-meta: databaseType:bibtex;}
